@inproceedings{cfa,
  title="{CFA: a practical prediction system for video QoE optimization}",
  author={Jiang, Junchen and Sekar, Vyas and Milner, Henry and Shepherd, Davis and Stoica, Ion and Zhang, Hui},
  booktitle={Proc.\ NSDI},
  year={2016}
}

@inproceedings{via,
title="{Via: Improving Internet Telephony Call Quality Using Predictive Relay Selection}",
author={Jiang, Junchen and Das, Rajdeep and Anathanarayanan, Ganesh and Chou, Philip and Padmanabhan, Venkata and Sekar, Vyas and Dominique, Esbjorn and Goliszewski, Marcin and Kukoleca, Dalibor and Vafin, Renat and Zhang, Hui},
booktitle={ACM SIGCOMM},
year={2016}
}

@inproceedings{footprint,
  title={Efficiently delivering online services over integrated infrastructure},
  author={Liu, Hongqiang Harry and Viswanathan, Raajay and Calder, Matt and Akella, Aditya and Mahajan, Ratul and Padhye, Jitendra and Zhang, Ming},
  booktitle={Proc.\ NSDI},
  year={2016}
}

@inproceedings{pcc,
  title={PCC: Re-architecting congestion control for consistent high performance},
  author={Dong, Mo and Li, Qingxi and Zarchy, Doron and Godfrey, P Brighten and Schapira, Michael},
  booktitle={Proc.\ NSDI},
  year={2015}
}

@inproceedings{ernest,
  title={Ernest: efficient performance prediction for large-scale advanced analytics},
  author={Venkataraman, Shivaram and Yang, Zongheng and Franklin, Michael and Recht, Benjamin and Stoica, Ion},
  booktitle={Proc.\ NSDI},
  year={2016}
}

@article{saltzer1984end,
  title={End-to-end arguments in system design},
  author={Saltzer, Jerome H and Reed, David P and Clark, David D},
  journal={ACM Transactions on Computer Systems (TOCS)},
  volume={2},
  number={4},
  pages={277--288},
  year={1984},
  publisher={ACM}
}

@inproceedings{remy,
  title={TCP ex machina: computer-generated congestion control},
  author={Winstein, Keith and Balakrishnan, Hari},
  booktitle={Proc.\ SIGCOMM},
  year={2013}
}

@inproceedings{cs2p,
title="{CS2P: Improving Video Bitrate Selection and Adaptation with Data-Driven Throughput Prediction}",
author={Sun, Yi and Yin, Xiaoqi and Jiang, Junchen and Sekar, Vyas and Lin, Fuyuan and Wang, Nanshu and Liu, Tao and Sinopoli, Bruno},
booktitle={to appear in Proc.\ SIGCOMM},
year={2016}
}

@inproceedings{precup2000eligibility,
  title={Eligibility traces for off-policy policy evaluation},
  author={Precup, Doina and Sutton, Richard S and Singh, Satinder},
  booktitle={Proceedings of the Seventeenth International Conference on Machine Learning},
  year={2000}
}

@inproceedings{linucb,
  title={A contextual-bandit approach to personalized news article recommendation},
  author={Li, Lihong and Chu, Wei and Langford, John and Schapire, Robert E},
  booktitle={Proceedings of the 19th international conference on World wide web},
  pages={661--670},
  year={2010},
  organization={ACM}
}

@inproceedings{doublerobust,
  title={Doubly Robust Policy Evaluation and Learning},
  author={Dud{\'\i}k, Miroslav and Langford, John and Li, Lihong},
  booktitle={Proceedings of International Conference on Machine Learning},
  year={2011}
}

@misc{espn,
title = {{ESPN, Inc. Fact Sheet}},
howpublished={\url{http://espnmediazone.com/us/espn-inc-fact-sheet/}}
}

@misc{emulab,
title = {{Emulab}},
howpublished={\url{https://www.emulab.net/}}
}

@misc{statista,
title = {{U.S. online video platforms in September 2012}},
howpublished={\url{http://www.statista.com/statistics/271607/video-platforms-in-the-us-by-number-of-video-streams/}}
}

@misc{us-census,
title = {{US Census: City and Town Totals}},
howpublished={\url{http://www.census.gov/popest/data/cities/totals/2015/files/SUB-EST2015_ALL.csv}}
}

@misc{sdxcentral,
title = {{Bringing Data-Driven SDN to the Network Edge}},
howpublished={\url{https://www.sdxcentral.com/articles/contributed/network-edge-bringing-data-driven-sdn-to-the-network-edge-nick-kephart/2015/03/}}
}

@misc{ddn-att,
title = {{The Data-Driven Approach to Network Management: Innovation Delivered}},
howpublished={\url{http://www.research.att.com/articles/featured_stories/2010_05/201005_networkmain2_article.html}}
}

@misc{sigcomm-qoe-workshop,
title = {{ACM SIGCOMM Workshop on QoE-based Analysis and Management of Data Communication Networks (Internet-QoE 2016)}},
howpublished={\url{http://conferences.sigcomm.org/sigcomm/2016/qoe.php}}
}

@misc{twitch,
title = {{Twitch.tv}},
howpublished={\url{https://www.twitch.tv/}}
}

@misc{periscope,
title = {{Periscope}},
howpublished={\url{https://www.periscope.tv/}}
}

@misc{qixiu,
title = {{QiXiu}},
howpublished={\url{https://x.pps.tv//}}
}

@inproceedings{lu2010contextual,
  title={Contextual Multi-Armed Bandits.},
  author={Lu, Tyler and P{\'a}l, D{\'a}vid and P{\'a}l, Martin},
  booktitle={AISTATS},
  pages={485--492},
  year={2010}
}

@article{slivkins2014contextual,
  title={Contextual bandits with similarity information.},
  author={Slivkins, Aleksandrs},
  journal={Journal of Machine Learning Research},
  volume={15},
  number={1},
  pages={2533--2568},
  year={2014}
}

@article{floyd2001difficulties,
  title={Difficulties in simulating the Internet},
  author={Floyd, Sally and Paxson, Vern},
  journal={IEEE/ACM Transactions on Networking (TON)},
  volume={9},
  number={4},
  pages={392--403},
  year={2001},
  publisher={IEEE Press}
}

@inproceedings{jetstream,
  title={Aggregation and degradation in jetstream: Streaming analytics in the wide area},
  author={Rabkin, Ariel and Arye, Matvey and Sen, Siddhartha and Pai, Vivek S and Freedman, Michael J},
  booktitle={Proc.\ NSDI},
  year={2014}
}

@inproceedings{iris,
  title={Low latency geo-distributed data analytics},
  author={Pu, Qifan and Ananthanarayanan, Ganesh and Bodik, Peter and Kandula, Srikanth and Akella, Aditya and Bahl, Paramvir and Stoica, Ion},
  booktitle={Proc.\ SIGCOMM},
  year={2015}
}

@inproceedings{socialhash,
  title={Social Hash: an assignment framework for optimizing distributed systems operations on social networks},
  author={Shalita, Alon and Karrer, Brian and Kabiljo, Igor and Sharma, Arun and Presta, Alessandro and Adcock, Aaron and Kllapi, Herald and Stumm, Michael},
  booktitle={Proc.\ NSDI},
  year={2016}
}

@inproceedings{regressogram-ucb,
  title={Nonparametric Bandits with Covariates},
  author={Rigollet, Philippe and Zeevi, Assaf},
  booktitle={Proc.\ Conference on Learning Theory},
  year={2010}
}

@inproceedings{bwe,
title="{BwE: Flexible, hierarchical bandwidth allocation for WAN distributed computing}",
author={Kumar, Alok and Jain, Sushant and Naik, Uday and Raghuraman, Anand and Kasinadhuni, Nikhil and Zermeno, Enrique Cauich and Gunn, C Stephen and Ai, Jing and Carlin, Bj{\"o}rn and Amarandei-Stavila, Mihai and others},
booktitle={Proc.\ SIGCOMM},
year={2015}
}

@article{insitu,
  title={In-Situ Quality of Experience Monitoring: The Case for Prioritizing Coverage Over Fidelity},
  author={Ganjam, Aditya and Sekar, Vyas and Zhang, Hui}
  journal={NSF QoE Workshop}
  year={2015}
}

@inproceedings{imc-ty,
title="{Confused, Timid, and Unstable: Picking a Video Streaming Rate is Hard}",
author={Te-Yuan Huang and Nikhil Handigol and Brandon Heller and Nick McKeown and Ramesh Johari},
booktitle={Proc.\ SIGCOMM IMC},
year={2012}
}

@article{red,
  title={Random early detection gateways for congestion avoidance},
  author={Floyd, Sally and Jacobson, Van},
  journal={IEEE/ACM Transactions on networking},
  volume={1},
  number={4},
  pages={397--413},
  year={1993},
  publisher={IEEE}
}

@inproceedings{abdallah1993delayed,
  title={Delayed positive feedback can stabilize oscillatory systems},
  author={Abdallah, Chaouki T and Byrne, R and Benites-Read, J and Dorato, Peter},
  year={1993},
  booktitle={Proc.\ ACC(American control conference)},
  year={1993}
}

@article{anzures2007uniform,
  title={Uniform Variable Delay with Positive Feedback Can Stabilize Second Order Systems},
  author={Anzures, SY and Abdallah, CT},
  year={2007}
}

@article{richard2003time,
  title={Time-delay systems: an overview of some recent advances and open problems},
  author={Richard, Jean-Pierre},
  journal={automatica},
  volume={39},
  number={10},
  pages={1667--1694},
  year={2003},
  publisher={Elsevier}
}

@inproceedings{rexford2002bgp,
  title={BGP routing stability of popular destinations},
  author={Rexford, Jennifer and Wang, Jia and Xiao, Zhen and Zhang, Yin},
  booktitle={Proc.\ SIGCOMM IMW},
  year={2002}
}

@inproceedings{kandoi2015denial,
  title={Denial-of-service attacks in OpenFlow SDN networks},
  author={Kandoi, Rajat and Antikainen, Markku},
  booktitle={2015 IFIP/IEEE International Symposium on Integrated Network Management (IM)},
  pages={1322--1326},
  year={2015},
  organization={IEEE}
}

@article{he2009learning,
  title={Learning from imbalanced data},
  author={He, Haibo and Garcia, Edwardo A},
  journal={IEEE Transactions on knowledge and data engineering},
  volume={21},
  number={9},
  pages={1263--1284},
  year={2009},
  publisher={IEEE}
}

@inproceedings{datta2016algorithmic,
  title={Algorithmic Transparency via Quantitative Input Influence},
  author={Datta, Anupam and Sen, Shayak and Zick, Yair},
  booktitle={Proceedings of 37th IEEE Symposium on Security and Privacy},
  year={2016}
}

@inproceedings{chen2015crowdsourced,
  title={Crowdsourced live streaming over the cloud},
  author={Chen, Fei and Zhang, Cong and Wang, Feng and Liu, Jiangchuan},
  booktitle={INFOCOM},
  year={2015}
}
