@article{feamster2014road,
  title={The road to SDN: an intellectual history of programmable networks},
  author={Feamster, Nick and Rexford, Jennifer and Zegura, Ellen},
  journal={ACM SIGCOMM CCR},
  volume={44},
  number={2},
  pages={87--98},
  year={2014},
  publisher={ACM}
}

@misc{netflix-verizon,
title = {Netflix Is Shaming Verizon For Its Slow Internet},
howpublished = {\url{http://www.businessinsider.com/netflix-slow-verizon-streaming-warning-2014-6}}
}

@misc{youtube-isp,
title = {YouTube, following Netflix, is now publicly shaming internet providers for slow video},
howpublished = {\url{http://goo.gl/Buou15}}
}
howpublished = {\url{http://qz.com/230603/youtube-like-netflix-is-now-publicly-shaming-internet-providers-for-slow-video/}}

@misc{alto,
title = {Application-Layer Traffic Optimization (ALTO) Problem Statement},
howpublished = {\url{http://tools.ietf.org/html/rfc5693}}
}

@misc{cisco-qoe,
title = {Cisco Study},
howpublished = {\url{http://goo.gl/tMRwM}}
}

@misc{w-must,
title = {Workshop on Measurements Up and Down the STack (W-MUST)},
howpublished = {\url{http://conferences.sigcomm.org/sigcomm/2012/wmust.php}}
}

@misc{fhmn,
title = {Workshop on Future Human-Centric Multimedia Networking}},
howpublished = {\url{http://conferences.sigcomm.org/sigcomm/2013/fhmn.php}}
}

@misc{vasona,
title = {Vasona Networks},
howpublished = {\url{http://www.vasonanetworks.com/}}
}

@misc{netflix-comcast,
title = {Comcast and Netflix Reach Deal on Service},
howpublished = {\url{http://goo.gl/BuUhKA}}
}


@misc{route-view,
title = {University of Oregon Route Views Project},
howpublised = {\url{http://www.routeviews.org}}
}

@misc{nfv-white-paper,
title = {Network Functions Virtualisation},
howpublished = {\url{http://portal.etsi.org/nfv/nfv_white_paper.pdf}}
}

@misc{openconnect,
title = {Netflix Open Connect Content Delivery Network},
howpublished = {\url{https://www.netflix.com/openconnect}}
}

@misc{dash-standard,
title = {Overview of MPEG-DASH Standard},
howpublished = {\url{http://dashif.org/mpeg-dash/}}
}

@inproceedings{wang2014speedy,
  title={How Speedy is SPDY},
  author={Wang, Xiao Sophia and Balasubramanian, Aruna and Krishnamurthy, Arvind and Wetherall, David},
  booktitle={NSDI'14}
}


@inproceedings{li2012watching,
  title={Watching videos from everywhere: a study of the PPTV mobile VoD system},
  author={Li, Zhenyu and Lin, Jiali and Akodjenou, Marc-Ismael and Xie, Gaogang and Kaafar, Mohamed Ali and Jin, Yun and Peng, Gang},
  series = {IMC '12}
  pages={185--198},
  year={2012},
  organization={ACM}
}

@inproceedings{mobicom2014-qos,
 author = {Balachandran, Athula and Aggarwal, Vaneet and Halepovic, Emir and Pang, Jeffrey and Seshan, Srinivasan and Venkataraman, Shobha and Yan, He},
 title = {Modeling Web Quality-of-Experience on Cellular Networks},
 series = {MobiCom '14},
} 

@inproceedings{sigmetrics2014-correlation,
 author = {Shafiq, Muhammad Zubair and Erman, Jeffrey and Ji, Lusheng and Liu, Alex X. and Pang, Jeffrey and Wang, Jia},
 title = {Understanding the Impact of Network Dynamics on Mobile Video User Engagement},
 series = {SIGMETRICS '14}
} 

@inproceedings{imc2012-firstbyte,
 author = {Halepovic, Emir and Pang, Jeffrey and Spatscheck, Oliver},
 title = {Can You GET Me Now?: Estimating the Time-to-first-byte of HTTP Transactions with Passive Measurements},
 series = {IMC '12}
} 

@inproceedings{conext2013-correlation,
 author = {Mahimkar, Ajay and Ge, Zihui and Yates, Jennifer and Hristov, Chris and Cordaro, Vincent and Smith, Shane and Xu, Jing and Stockert, Mark},
 title = {Robust Assessment of Changes in Cellular Networks},
 series = {CoNEXT '13}
} 

@inproceedings{sigcomm2010-mercury,
 author = {Mahimkar, Ajay Anil and Song, Han Hee and Ge, Zihui and Shaikh, Aman and Wang, Jia and Yates, Jennifer and Zhang, Yin and Emmons, Joanne},
 title = {Detecting the Performance Impact of Upgrades in Large Operational Networks},
 series = {SIGCOMM '10},
}


@inproceedings{jiang2009cooperative,
  title={Cooperative content distribution and traffic engineering in an ISP network},
  author={Jiang, Wenjie and Zhang-Shen, Rui and Rexford, Jennifer and Chiang, Mung},
  booktitle={ACM SIGMETRICS Performance Evaluation Review},
  volume={37},
  number={1},
  pages={239--250},
  year={2009},
  organization={ACM}
}


@inproceedings{p4p,
  title={P4P: Provider portal for applications},
  author={Xie, Haiyong and Yang, Y Richard and Krishnamurthy, Arvind and Liu, Yanbin Grace and Silberschatz, Abraham},
  booktitle={ACM SIGCOMM Computer Communication Review},
  volume={38},
  number={4},
  pages={351--362},
  year={2008},
  organization={ACM}
}


@article{saltzer1984end,
  title={End-to-end arguments in system design},
  author={Saltzer, Jerome H and Reed, David P and Clark, David D},
  journal={ACM Transactions on Computer Systems (TOCS)},
  volume={2},
  number={4},
  pages={277--288},
  year={1984},
  publisher={ACM}
}


@article{hahn2006economics,
  title={The economics of net neutrality},
  author={Hahn, Robert W and Wallsten, Scott},
  journal={The Economists' Voice},
  volume={3},
  number={6},
  year={2006}
}


@inproceedings{cranor2003gigascope,
  title={Gigascope: a stream database for network applications},
  author={Cranor, Chuck and Johnson, Theodore and Spataschek, Oliver and Shkapenyuk, Vladislav},
  booktitle={Proceedings of the 2003 ACM SIGMOD international conference on Management of data},
  pages={647--651},
  year={2003},
  organization={ACM}
}


@article{smith2008deflating,
  title={Deflating the big bang: fast and scalable deep packet inspection with extended finite automata},
  author={Smith, Randy and Estan, Cristian and Jha, Somesh and Kong, Shijin},
  journal={ACM SIGCOMM Computer Communication Review},
  volume={38},
  number={4},
  pages={207--218},
  year={2008},
  publisher={ACM}
}


@article{mcsherry2011differentially,
  title={Differentially-private network trace analysis},
  author={McSherry, Frank and Mahajan, Ratul},
  journal={ACM SIGCOMM Computer Communication Review},
  volume={41},
  number={4},
  pages={123--134},
  year={2011},
  publisher={ACM}
}


@inproceedings{huang2012confused,
  title={Confused, timid, and unstable: picking a video streaming rate is hard},
  author={Huang, Te-Yuan and Handigol, Nikhil and Heller, Brandon and McKeown, Nick and Johari, Ramesh},
  booktitle={ACM IMC '12}
}


@inproceedings{keralapura2004can,
  title={Can ISPs take the heat from overlay networks},
  author={Keralapura, Ram and Taft, Nina and Chuah, Chen-Nee and Iannaccone, Gianluca},
  booktitle={ACM HotNets '14}
}


@inproceedings{das2009application,
  title={Application-aware prioritization mechanisms for on-chip networks},
  author={Das, Reetuparna and Mutlu, Onur and Moscibroda, Thomas and Das, Chita R},
  booktitle={42nd Annual IEEE/ACM International Symposium on Microarchitecture},
  pages={280--291},
  year={2009},
  organization={IEEE}
}


@article{poese2012enabling,
  title={Enabling content-aware traffic engineering},
  author={Poese, Ingmar and Frank, Benjamin and Smaragdakis, Georgios and Uhlig, Steve and Feldmann, Anja and Maggs, Bruce},
  journal={ACM SIGCOMM Computer Communication Review},
  volume={42},
  number={5},
  pages={21--28},
  year={2012},
  publisher={ACM}
}


@inproceedings{sharma2013distributing,
  title={Distributing content simplifies isp traffic engineering},
  author={Sharma, Abhigyan and Venkataramani, Arun and Sitaraman, Ramesh K},
  booktitle={Proceedings of the ACM SIGMETRICS/international conference on Measurement and modeling of computer systems},
  pages={229--242},
  year={2013},
  organization={ACM}
}


@inproceedings{schapira2010putting,
  title={Putting BGP on the right path: A case for next-hop routing},
  author={Schapira, Michael and Zhu, Yaping and Rexford, Jennifer},
  booktitle={ACM HotNets '10}
}


@article{akella2008performance,
  title={On the performance benefits of multihoming route control},
  author={Akella, Aditya and Maggs, Bruce and Seshan, Srinivasan and Shaikh, Anees},
  journal={IEEE/ACM Transactions on Networking},
  volume={16},
  number={1},
  pages={91--104},
  year={2008},
  publisher={IEEE}
}


@inproceedings{clark2003knowledge,
  title={A knowledge plane for the internet},
  author={Clark, David D and Partridge, Craig and Ramming, J Christopher and Wroclawski, John T},
  booktitle={ACM SIGCOMM '03}
}


@inproceedings{ramasubramanian2009treeness,
  title={On the treeness of internet latency and bandwidth},
  author={Ramasubramanian, Venugopalan and Malkhi, Dahlia and Kuhn, Fabian and Balakrishnan, Mahesh and Gupta, Archit and Akella, Aditya},
  booktitle={ACM SIGMETRICS Performance Evaluation Review},
  volume={37},
  number={1},
  pages={61--72},
  year={2009},
  organization={ACM}
}


@article{vardi1996network,
  title={Network tomography: Estimating source-destination traffic intensities from link data},
  author={Vardi, Yehuda},
  journal={Journal of the American Statistical Association},
  volume={91},
  number={433},
  pages={365--377},
  year={1996},
  publisher={Taylor \& Francis}
}


@article{ng2002global,
  title={Global network positioning: a new approach to network distance prediction.},
  author={Ng, TS Eugene and Zhang, Hui},
  journal={Computer Communication Review},
  volume={32},
  number={1},
  pages={61},
  year={2002}
}


@inproceedings{raghavan2012software,
  title={Software-defined internet architecture: decoupling architecture from infrastructure},
  author={Raghavan, Barath and Casado, Mart{\'\i}n and Koponen, Teemu and Ratnasamy, Sylvia and Ghodsi, Ali and Shenker, Scott},
  booktitle={ACM HotNets '12}
}


@article{feamster2013sdx,
  title={SDX: A software-defined internet exchange},
  author={Feamster, Nick and Rexford, Jennifer and Shenker, Scott and Clark, Russ and Hutchins, Ron and Levin, Dave and Bailey, Josh},
  journal={Open Networking Summit},
  year={2013}
}


@inproceedings{akhshabi2011evolution,
  title={The evolution of layered protocol stacks leads to an hourglass-shaped architecture},
  author={Akhshabi, Saamer and Dovrolis, Constantine},
  booktitle={ACM SIGCOMM Computer Communication Review},
  volume={41},
  number={4},
  pages={206--217},
  year={2011},
  organization={ACM}
}


@inproceedings{ager2012anatomy,
  title={Anatomy of a large European IXP},
  author={Ager, Bernhard and Chatzis, Nikolaos and Feldmann, Anja and Sarrar, Nadi and Uhlig, Steve and Willinger, Walter},
  booktitle={ACM SIGCOMM '12}
}


@article{domingos2012few,
  title={A few useful things to know about machine learning},
  author={Domingos, Pedro},
  journal={Communications of the ACM},
  volume={55},
  number={10},
  pages={78--87},
  year={2012},
  publisher={ACM}
}


@inproceedings{googleimc,
  title={Mapping the expansion of Google's serving infrastructure},
  author={Calder, Matt and Fan, Xun and Hu, Zi and Katz-Bassett, Ethan and Heidemann, John and Govindan, Ramesh},
  booktitle={ACM IMC '13}
}
