@inproceedings{duffield2003simple,
  title={Simple network performance tomography},
  author={Duffield, Nick},
  booktitle={Proceedings of the 3rd ACM SIGCOMM conference on Internet measurement},
  pages={210--215},
  year={2003},
  organization={ACM}
}

@article{google-data,
  title={The unreasonable effectiveness of data},
  author={Halevy, Alon and Norvig, Peter and Pereira, Fernando},
  journal={Intelligent Systems, IEEE},
  volume={24},
  number={2},
  pages={8--12},
  year={2009},
  publisher={IEEE}
}

@article{kuleshov2014algorithms,
  title={Algorithms for multi-armed bandit problems},
  author={Kuleshov, Volodymyr and Precup, Doina},
  journal={arXiv preprint arXiv:1402.6028},
  year={2014}
}

@inproceedings{hillel2013distributed,
  title={Distributed exploration in multi-armed bandits},
  author={Hillel, Eshcar and Karnin, Zohar S and Koren, Tomer and Lempel, Ronny and Somekh, Oren},
  booktitle={Advances in Neural Information Processing Systems},
  pages={854--862},
  year={2013}
}

@inproceedings{ng2004stable,
  title={Stable adaptive control with online learning.},
  author={Ng, Andrew Y and Kim, H Jin},
  booktitle={NIPS},
  year={2004}
}

@techreport{ramakrishnan1999proposal,
  title={A proposal to add explicit congestion notification (ECN) to IP},
  author={Ramakrishnan, Kadangode and Floyd, Sally},
  year={1999},
  institution={RFC 2481, January}
}
