@article{miller2015low,
  title={Low-Delay Adaptive Video Streaming Based on Short-Term TCP Throughput Prediction},
  author={Miller, Konstantin and Al-Tamimi, Abdel-Karim and Wolisz, Adam},
  journal={arXiv preprint arXiv:1503.02955},
  year={2015}
}

@inproceedings{balakrishnan1997analyzing,
  title={Analyzing stability in wide-area network performance},
  author={Balakrishnan, Hari and Stemm, Mark and Seshan, Srinivasan and Katz, Randy H},
  booktitle={ACM SIGMETRICS Performance Evaluation Review},
  year={1997},
  publisher={ACM}
}

@inproceedings{vazhkudai2001predicting,
  title={Predicting the performance of wide area data transfers},
  author={Vazhkudai, Sudharshan and Schopf, Jennifer M and Foster, Ian},
  booktitle={Parallel and Distributed Processing Symposium., Proceedings International, IPDPS 2002, Abstracts and CD-ROM},
  pages={10--pp},
  year={2001},
  organization={IEEE}
}

@inproceedings{prasad2003bandwidth,
  title={Bandwidth estimation: metrics, measurement techniques, and tools},
  author={Prasad, Ravi and Dovrolis, Constantinos and Murray, Margaret and Claffy, KC},
  booktitle={Network, IEEE},
  year={2003},
  publisher={IEEE}
}

@inproceedings{zhang2001constancy,
  title={On the constancy of Internet path properties},
  author={Zhang, Yin and Duffield, Nick},
  booktitle={Proceedings of the 1st ACM SIGCOMM Workshop on Internet Measurement},
  pages={197--211},
  year={2001},
  organization={ACM}
}

@inproceedings{jain2005end,
  title={End-to-end estimation of the available bandwidth variation range},
  author={Jain, Manish and Dovrolis, Constantinos},
  booktitle={ACM SIGMETRICS Performance Evaluation Review},
  volume={33},
  number={1},
  pages={265--276},
  year={2005},
  organization={ACM}
}

@article{zou2015can,
  title={Can Accurate Predictions Improve Video Streaming in Cellular Networks?},
  author={Zou, Xuan Kelvin and Erman, Jeffrey and Gopalakrishnan, Vijay and Halepovic, Emir and Jana, Rittwik and Jin, Xin and Rexford, Jennifer and Sinha, Rakesh K},
  year={2015}
}

@inproceedings{yin2014toward,
  title={Toward a Principled Framework to Design Dynamic Adaptive Streaming Algorithms over HTTP},
  author={Yin, Xiaoqi and Sekar, Vyas and Sinopoli, Bruno},
  booktitle={Proceedings of the 13th ACM Workshop on Hot Topics in Networks},
  pages={9},
  year={2014},
  organization={ACM}
}

@inproceedings{strauss2003measurement,
  title={A measurement study of available bandwidth estimation tools},
  author={Strauss, Jacob and Katabi, Dina and Kaashoek, Frans},
  booktitle={Proceedings of the 3rd ACM SIGCOMM conference on Internet measurement},
  pages={39--44},
  year={2003},
  organization={ACM}
}

@inproceedings{hu2005measurement,
  title={A measurement study of internet bottlenecks},
  author={Hu, Ningning and Li, Li and Mao, Zhuoqing Morley and Steenkiste, Peter and Wang, Jia},
  booktitle={INFOCOM 2005. 24th Annual Joint Conference of the IEEE Computer and Communications Societies. Proceedings IEEE},
  volume={3},
  pages={1689--1700},
  year={2005},
  organization={IEEE}
}

@article{jain2003end,
  title={End-to-end available bandwidth: measurement methodology, dynamics, and relation with TCP throughput},
  author={Jain, Manish and Dovrolis, Constantinos},
  journal={IEEE/ACM Transactions on Networking (TON)},
  volume={11},
  number={4},
  pages={537--549},
  year={2003},
  publisher={IEEE Press}
}

@inproceedings{swany2002multivariate,
  title={Multivariate resource performance forecasting in the network weather service},
  author={Swany, Martin and Wolski, Rich},
  booktitle={Proceedings of the 2002 ACM/IEEE conference on Supercomputing},
  pages={1--10},
  year={2002},
  organization={IEEE Computer Society Press}
}

@article{he2005predictability,
  title={On the predictability of large transfer TCP throughput},
  author={He, Qi and Dovrolis, Constantine and Ammar, Mostafa},
  journal={ACM SIGCOMM Computer Communication Review},
  volume={35},
  number={4},
  pages={145--156},
  year={2005},
  publisher={ACM}
}

@inproceedings{mirza2007machine,
  title={A machine learning approach to TCP throughput prediction},
  author={Mirza, Mariyam and Sommers, Joel and Barford, Paul and Zhu, Xiaojin},
  booktitle={ACM SIGMETRICS Performance Evaluation Review},
  volume={35},
  number={1},
  pages={97--108},
  year={2007},
  organization={ACM}
}

@inproceedings{seshan1997spand,
  title={SPAND: Shared passive network performance discovery},
  author={Seshan, Srinivasan and Stemm, Mark and Katz, Randy H},
  booktitle={USENIX Symposium on Internet Technologies and Systems},
  pages={135--146},
  year={1997}
}

@inproceedings{ramasubramanian2009treeness,
  title={On the treeness of internet latency and bandwidth},
  author={Ramasubramanian, Venugopalan and Malkhi, Dahlia and Kuhn, Fabian and Balakrishnan, Mahesh and Gupta, Archit and Akella, Aditya},
  booktitle={ACM SIGMETRICS Performance Evaluation Review},
  volume={37},
  number={1},
  pages={61--72},
  year={2009},
  organization={ACM}
}

@inproceedings{nikravesh2014mobile,
  title={Mobile network performance from user devices: A longitudinal, multidimensional analysis},
  author={Nikravesh, Ashkan and Choffnes, David R and Katz-Bassett, Ethan and Mao, Z Morley and Welsh, Matt},
  booktitle={Passive and Active Measurement},
  pages={12--22},
  year={2014},
  organization={Springer}
}

@inproceedings{luckie2014challenges,
  title={Challenges in Inferring Internet Interdomain Congestion},
  author={Luckie, Matthew and Dhamdhere, Amogh and Clark, David and Huffaker, Bradley and others},
  booktitle={Proceedings of the 2014 Conference on Internet Measurement Conference},
  pages={15--22},
  year={2014},
  organization={ACM}
}

@inproceedings{wang2014timing,
  title={Timing is Everything: Accurate, Minimum Overhead, Available Bandwidth Estimation in High-speed Wired Networks},
  author={Wang, Han and Lee, Ki Suh and Li, Erluo and Lim, Chiun Lin and Tang, Ao and Weatherspoon, Hakim},
  booktitle={Proceedings of the 2014 Conference on Internet Measurement Conference},
  pages={407--420},
  year={2014},
  organization={ACM}
}

@inproceedings{dabek2004vivaldi,
  title={{Vivaldi: A Decentralized Network Coordinate System}},
  author={Dabek, Frank and Cox, Russ and Kaashoek, Frans and Morris, Robert},
  booktitle={SIGCOMM},
  year={2004}
}

@inproceedings{hu2004locating,
  title={Locating Internet Bottlenecks: Algorithms, Measurements, and Implications},
  author={Hu, Ningning and Li, Li Erran and Mao, Zhuoqing Morley and Steenkiste, Peter and Wang, Jia},
  booktitle={In Proc. of ACM SIGCOMMâ€™04},
  year={2004}
}

@inproceedings{tian2012towards,
  title={Towards agile and smooth video adaptation in dynamic HTTP streaming},
  author={Tian, Guibin and Liu, Yong},
  booktitle={Proceedings of the 8th international conference on Emerging networking experiments and technologies},
  pages={109--120},
  year={2012},
  organization={ACM}
}

@misc{fcc-2014,
  title = {Measuring Broadband America 2014},
  howpublished = "{\url{https://www.fcc.gov/measuring-broadband-america/2014/validated-data-fixed-2014}}",
}

@misc{fcc-methodology,
  title = {2014 Measuring Broadband America Report Technical Appendix},
  howpublished = "{\url{http://data.fcc.gov/download/measuring-broadband-america/2014/Technical-Appendix-fixed-2014.pdf}}",
}

@misc{youtube-bitrates,
  title = {Recommended upload encoding settings},
  howpublished = "{\url{https://support.google.com/youtube/answer/1722171?hl=en}}",
}

@misc{wiki-bitrates,
  title = {Bitrates in multimedia},
  howpublished = "{\url{http://en.wikipedia.org/wiki/Bit_rate#Bitrates_in_multimedia}}",
}

@misc{informationgain,
  title = {Information Gain},
  howpublished = "{\url{http://www.autonlab.org/tutorials/infogain11.pdf}}",
}
