
@inproceedings{sdnupdate,
  title={On consistent updates in software defined networks},
  author={Mahajan, Ratul and Wattenhofer, Roger},
  booktitle={ACM HotNets 2013},
}

@misc{cisco-reportshort,
  title = {Cisco forecast},
  howpublished = "{\url{http://tinyurl.com/mvbllsk}}",
}

@article{ethane,
  title={Ethane: Taking control of the enterprise},
  author={Casado, Martin and Freedman, Michael J and Pettit, Justin and Luo, Jianying and McKeown, Nick and Shenker, Scott},
  journal={ACM SIGCOMM CCR 2007}
}

@article{p4,
  title={Programming protocol-independent packet processors},
  author={Bosshart, Pat and Daly, Dan and Izzard, Martin and McKeown, Nick and Rexford, Jennifer and Talayco, Dan and Vahdat, Amin and Varghese, George and Walker, David},
  journal={arXiv preprint arXiv:1312.1719},
  year={2013}
}

@inproceedings{logically,
  title={Logically centralized?: state distribution trade-offs in software defined networks},
  author={Levin, Dan and Wundsam, Andreas and Heller, Brandon and Handigol, Nikhil and Feldmann, Anja},
  booktitle={ACM HotSDN 2012}
}

@inproceedings{onos,
  title={ONOS: towards an open, distributed SDN OS},
  author={Berde, Pankaj and Gerola, Matteo and Hart, Jonathan and Higuchi, Yuta and Kobayashi, Masayoshi and Koide, Toshio and Lantz, Bob and O’Connor, Brian and Radoslavov, Pavlin and Snow, William and others},
  booktitle={ACM HotSDN 2014}
}

@inproceedings{statesman,
  title={A network-state management service},
  author={Sun, Peng and Mahajan, Ratul and Rexford, Jennifer and Yuan, Lihua and Zhang, Ming and Arefin, Ahsan},
  booktitle={ACM SIGCOMM 2014}
}

@article{fastpass,
  title={Fastpass: A Centralized “Zero-Queue” Datacenter Network},
  author={Perry, Jonathan and Ousterhout, Amy and Balakrishnan, Hari and Shah, Deverat and Fugal, Hans},
  publisher={ACM SIGCOMM 2014}
}

@inproceedings{nvp,
  title={Network virtualization in multi-tenant datacenters},
  author={Koponen, Teemu and Amidon, Keith and Balland, Peter and Casado, Mart{\'\i}n and Chanda, Anupam and Fulton, Bryan and Ganichev, Igor and Gross, Jesse and Gude, Natasha and Ingram, Paul and others},
  booktitle={NSDI 2014}
}

@inproceedings{huang2014buffer,
  title={A buffer-based approach to rate adaptation: evidence from a large video streaming service},
  author={Huang, Te-Yuan and Johari, Ramesh and McKeown, Nick and Trunnell, Matthew and Watson, Mark},
  booktitle={ACM SIGCOMM 2014}
}

@inproceedings{coralcdn-experiences,
  title={Experiences with CoralCDN: A Five-Year Operational View.},
  author={Freedman, Michael J},
  booktitle={NSDI 2010}
}

@inproceedings{gfs,
  title={The Google file system},
  author={Ghemawat, Sanjay and Gobioff, Howard and Leung, Shun-Tak},
  booktitle={ACM SIGOPS Operating Systems Review 2003},
}

@article{spanner,
  title={Spanner: Google’s globally distributed database},
  author={Corbett, James C and Dean, Jeffrey and Epstein, Michael and Fikes, Andrew and Frost, Christopher and Furman, JJ and Ghemawat, Sanjay and Gubarev, Andrey and Heiser, Christopher and Hochschild, Peter and others},
  journal={ACM Transactions on Computer Systems (TOCS) 2013}
}

@misc{facebookscribe,
  title = {Facebook Scribe},
  howpublished = "{\url{github.com/facebook/scribe}}",
}

@article{mapreduce,
  title={MapReduce: Simplified Data Processing on Large Clusters},
  author={Dean, Jeffrey and Ghemawat, Sanjay},
  journal={OSDI 2004}
}

@misc{storm,
  title = {Storm},
  howpublished = "{\url{storm-project.net}}",
}

@misc{lambda,
  title = {Lambda Archictecture},
  howpublished = "{\url{lambda-architecture.net}}",
}

@misc{s4,
  title = {S4 distributed stream computing platform},
  howpublished = "{\url{incubator.apache.org/s4}}",
}

@misc{flume,
  title = {Apache Flume},
  howpublished = "{\url{incubator.apache.org/flume}}",
}


@article{memcached,
  title={Distributed caching with memcached},
  author={Fitzpatrick, Brad},
  journal={Linux Journal Volume 2004 Issue 124}
}
