@techreport{ddn-tech-cmu,
  author       = {Jiang, Junchen and Sekar, Vyas and Stoica, Ion and Zhang, Hui}, 
  title        = {Data-Driven Networking: Harnessing the ``Unreasonable Effectiveness of Data'' in Network Design},
  year         = 2016,
  note         = {Technical Report CMU-CS-16-102}
}

@article{discounteducb,
  title={On upper-confidence bound policies for non-stationary bandit problems},
  author={Garivier, Aur{\'e}lien and Moulines, Eric},
  journal={arXiv preprint arXiv:0805.3415},
  year={2008}
}

@article{ucb1,
  title={Finite-time analysis of the multiarmed bandit problem},
  author={Auer, Peter and Cesa-Bianchi, Nicolo and Fischer, Paul},
  journal={Machine learning},
  volume={47},
  number={2-3},
  pages={235--256},
  year={2002},
  publisher={Springer}
}

@article{mwt,
  title={A Multiworld Testing Decision Service},
  author={Agarwal, Alekh and Bird, Sarah and Cozowicz, Markus and Hoang, Luong and Langford, John and Lee, Stephen and Li, Jiaji and Melamed, Dan and Oshri, Gal and Ribas, Oswaldo and others},
  journal={arXiv preprint arXiv:1606.03966},
  year={2016}
}

@inproceedings{ddn-comsnet,
  title={Unleashing the Potential of Data-Driven Networking},
  author={Jiang, Junchen and Sekar, Vyas and Stoica, Ion and Zhang, Hui},
  booktitle={Proceedings of 9th International Conference on COMmunication Systems \& NETworkS (COMSNET)},
  year={2017}
}

@inproceedings{alon1996space,
  title={The space complexity of approximating the frequency moments},
  author={Alon, Noga and Matias, Yossi and Szegedy, Mario},
  booktitle={Proceedings of the twenty-eighth annual ACM symposium on Theory of computing},
  pages={20--29},
  year={1996},
  organization={ACM}
}

@inproceedings{besbes2014stochastic,
  title={Stochastic multi-armed-bandit problem with non-stationary rewards},
  author={Besbes, Omar and Gur, Yonatan and Zeevi, Assaf},
  booktitle={Advances in neural information processing systems},
  pages={199--207},
  year={2014}
}

@inproceedings{agarwal2014taming,
  title={Taming the Monster: A Fast and Simple Algorithm for Contextual Bandits},
  author={Agarwal, Alekh and Hsu, Daniel and Kale, Satyen and Langford, John and Li, Lihong and Schapire, Robert},
  booktitle={Proceedings of The 31st International Conference on Machine Learning},
  pages={1638--1646},
  year={2014}
}

@inproceedings{lacurts2014cicada,
  title={Cicada: Introducing predictive guarantees for cloud networks},
  author={LaCurts, Katrina and Mogul, Jeffrey C and Balakrishnan, Hari and Turner, Yoshio},
  booktitle={6th USENIX Workshop on Hot Topics in Cloud Computing (HotCloud 14)},
  year={2014}
}

@inproceedings{bao2016prediction,
  title={From Prediction to Action: A Closed-Loop Approach for Data-Guided Network Resource Allocation},
  author={Bao, Yanan and Wu, Huasen and Liu, Xin},
  booktitle={Proceedings of the 22nd ACM SIGKDD International Conference on Knowledge Discovery and Data Mining},
  pages={1425--1434},
  year={2016},
  organization={ACM}
}

@inproceedings{bao2015data,
  title={Data-Guided Approach for Learning and Improving User Experience in Computer Networks},
  author={Bao, Yanan and Liu, Xin and Pande, Amit},
  booktitle={Proceedings of The 7th Asian Conference on Machine Learning},
  pages={127--142},
  year={2015}
}

@inproceedings{geode,
  title={Global analytics in the face of bandwidth and regulatory constraints},
  author={Vulimiri, Ashish and Curino, Carlo and Godfrey, P Brighten and Jungblut, Thomas and Padhye, Jitu and Varghese, George},
  booktitle={12th USENIX Symposium on Networked Systems Design and Implementation (NSDI 15)},
  pages={323--336},
  year={2015}
}

@inproceedings{zhang2001constancy,
  title={On the constancy of Internet path properties},
  author={Zhang, Yin and Duffield, Nick},
  booktitle={Proceedings of the 1st ACM SIGCOMM Workshop on Internet Measurement},
  pages={197--211},
  year={2001},
  organization={ACM}
}

@inproceedings{spand,
  title={A network measurement architecture for adaptive applications},
  author={Stemm, Mark and Katz, Randy and Seshan, Srinivasan},
  booktitle={INFOCOM 2000},
  organization={IEEE}
}

@inproceedings{drago2012inside,
  title={Inside dropbox: understanding personal cloud storage services},
  author={Drago, Idilio and Mellia, Marco and M Munafo, Maurizio and Sperotto, Anna and Sadre, Ramin and Pras, Aiko},
  booktitle={Proceedings of the 2012 ACM conference on Internet measurement conference},
  pages={481--494},
  year={2012},
  organization={ACM}
}

@misc{spark,
title = {{Apache Spark}},
howpublished={\url{http://spark.apache.org/}}
}

@misc{sparkstreaming,
title = {{Apache Spark Streaming}},
howpublished={\url{http://spark.apache.org/streaming/}}
}

@misc{kafka,
title = {{Apache Kafka}},
howpublished={\url{https://kafka.apache.org/}}
}

@misc{httpd,
title = {{Apache HTTP Server Project}},
howpublished={\url{https://httpd.apache.org/}}
}

@misc{cloudlab,
title = {{CloudLab}},
howpublished={\url{https://www.cloudlab.us/}}
}

@misc{dashjs,
title = {{dash.js}},
howpublished={\url{https://github.com/Dash-Industry-Forum/dash.js/wiki}}
}

@misc{ab,
title = {{Apache HTTP server benchmarking}},
howpublished={\url{https://httpd.apache.org/docs/2.4/programs/ab.html}}
}

@misc{youtube-stats,
title = {{Youtube statistics}},
howpublished={\url{http://fortunelords.com/youtube-statistics/}}
}

@misc{youtube-stats-2,
title = {{How many servers does youtube}},
howpublished={\url{https://atkinsbookshelf.wordpress.com/tag/how-many-servers-does-youtube/}}
}

@misc{hangouts-policy,
title = {{Google Hangouts Policy}},
howpublished={\url{https://support.google.com/hangouts/answer/6334301?hl=en}}
}

@misc{ddn-source,
title = {{Source code of Pytheas}},
howpublished={\url{https://github.com/nsdi2017-ddn/ddn}}
}

@book{mcculloch2001generalized,
  title={Generalized linear mixed models},
  author={McCulloch, Charles E and Neuhaus, John M},
  year={2001},
  publisher={Wiley Online Library}
}
