@inproceedings{vellido2012making,
  title={Making machine learning models interpretable},
  author={Vellido, Alfredo and Martin-Guerroro, JD and Lisboa, P},
  booktitle={Proceedings of the 20th European Symposium on Artificial Neural Networks, Computational Intelligence and Machine Learning (ESANN). Bruges, Belgium},
  pages={163--172},
  year={2012}
}

@inproceedings{mukerjee2015practical,
  title={Practical, Real-time Centralized Control for CDN-based Live Video Delivery},
  author={Mukerjee, Matthew K and Naylor, David and Jiang, Junchen and Han, Dongsu and Seshan, Srinivasan and Zhang, Hui},
  booktitle={ACM SIGCOMM},
  pages={311--324},
  year={2015},
  organization={ACM}
}

@inproceedings{seshan1997spand,
  title={SPAND: Shared passive network performance discovery},
  author={Seshan, Srinivasan and Stemm, Mark and Katz, Randy H},
  booktitle={USENIX Symposium on Internet Technologies and Systems},
  pages={1--13},
  year={1997}
}

@misc{lol-event,
  title = {'League of Legends' eSports finals watched by 32 million people},
  howpublished = "{\url{http://goo.gl/A9cZpe}}"
}

@misc{youtube-olympics,
  title = {YouTube And The Olympics},
  howpublished = "{\url{http://goo.gl/4hgL4q}}"
}

@article{mdl,
  title={A Universal Prior for Integers and Estimation by Minimum Description Length},
  author={Rissanen, Jorma},
  journal={The Annals of statistics},
  pages={416--431},
  year={1983},
  publisher={JSTOR}
}

@inproceedings{suresh2015c3,
  title={C3: Cutting tail latency in cloud data stores via adaptive replica selection},
  author={Suresh, Lalith and Canini, Marco and Schmid, Stefan and Feldmann, Anja},
  booktitle={USENIX NSDI},
  year={2015}
}

@inproceedings{savage1999case,
  title={The case for informed transport protocols},
  author={Savage, Stefan and Cardwell, Neal and Anderson, Tom},
  booktitle={HotOS},
  pages={58--63},
  year={1999},
  organization={IEEE}
}

@article{he2005predictability,
  title={On the predictability of large transfer TCP throughput},
  author={He, Qi and Dovrolis, Constantine and Ammar, Mostafa},
  journal={ACM SIGCOMM CCR},
  volume={35},
  number={4},
  pages={145--156},
  year={2005},
  publisher={ACM}
}

@inproceedings{mirza2007machine,
  title={A machine learning approach to TCP throughput prediction},
  author={Mirza, Mariyam and Sommers, Joel and Barford, Paul and Zhu, Xiaojin},
  booktitle={ACM SIGMETRICS Performance Evaluation Review},
  volume={35},
  number={1},
  pages={97--108},
  year={2007},
  organization={ACM}
}

@misc{conviva,
  title = {Conviva Inc.},
  howpublished = "{\url{http://www.conviva.com/}}"
}

@inproceedings{yin2015control,
  title={A Control-Theoretic Approach for Dynamic Adaptive Video Streaming over HTTP},
  author={Yin, Xiaoqi and Jindal, Abhishek and Sekar, Vyas and Sinopoli, Bruno},
  booktitle = {SIGCOMM},
  pages={325--338},
  year={2015},
  organization={ACM}
}

@article{mab,
  title={On the Gittins index for multiarmed bandits},
  author={Weber, Richard and others},
  journal={The Annals of Applied Probability},
  volume={2},
  number={4},
  pages={1024--1033},
  year={1992},
  publisher={Institute of Mathematical Statistics}
}

@article{cmab,
  title={Contextual bandits with similarity information},
  author={Slivkins, Aleksandrs},
  journal={The Journal of Machine Learning Research},
  volume={15},
  number={1},
  pages={2533--2568},
  year={2014},
  publisher={JMLR. org}
}

@article{deeplearning,
  title={Deep learning},
  author={LeCun, Yann and Bengio, Yoshua and Hinton, Geoffrey},
  journal={Nature},
  volume={521},
  number={7553},
  pages={436--444},
  year={2015},
  publisher={Nature Publishing Group}
}

@article{feature-selection,
  title={An introduction to variable and feature selection},
  author={Guyon, Isabelle and Elisseeff, Andr{\'e}},
  journal={The Journal of Machine Learning Research},
  volume={3},
  pages={1157--1182},
  year={2003},
  publisher={JMLR. org}
}
