
@inproceedings{krishnan2009moving,
  title={Moving beyond end-to-end path information to optimize CDN performance},
  author={Krishnan, R. and Madhyastha, H.V. and Srinivasan, S. and Jain, S. and Krishnamurthy, A. and Anderson, T. and Gao, J.},
  booktitle={ACM IMC '09}
}


@misc{hadoop,
title = {Hadoop},
howpublished = {\url{http://hadoop.apache.org/}}
}

@misc{interne-traffic-report,
title = {Global Internet phenomena report.},
howpublished = {\url{http://hadoop.apache.org/}}
}

@book{interne-traffic-report,
author = {Sandvine},
title = {Global Internet phenomena report.}
}

@article{krishnan2012video,
  title={Video Stream Quality Impacts Viewer Behavior: Inferring Causality Using Quasi-Experimental Designs},
  author={Krishnan, S.S. and Sitaraman, R.K.},
  year={2012}
}


@article{jiang2012improving,
  title={Improving Fairness, Efficiency, and Stability in HTTP-based Adaptive Video Streaming with FESTIVE},
  author={Jiang, J. and Sekar, V. and Zhang, H.},
  year={2012}
}

@inproceedings{grabczewski2005feature,
  title={Feature selection with decision tree criterion},
  author={Grabczewski, K. and Jankowski, N.},
  booktitle={Hybrid Intelligent Systems, 2005. HIS'05. Fifth International Conference on},
  pages={6--pp},
  year={2005},
  organization={IEEE}
}


@inproceedings{akellabottleneck,
author = {Aditya Akella and  Srinivasan Seshan and Anees Shaikh},
title = {{ An empirical evaluation of wide-area internet bottlenecks}},
year = 2003,
booktitle = { Internet Measurement Comference }
}
@inproceedings{pathneck,
 title = {Locating Internet Bottlenecks: Algorithms, Measurements, and Implications},
 author = {Ningning Hu and Li Erran Li and Zhuoqing Morley Mao and Peter Steenkiste and Jia Wang},
 booktitle = {Sigcomm},
 year = {2004},
} 

@inproceedings{dasu,
title  = {{ Crowdsourcing ISP Characterization to the Network Edge}},
booktitle = {W-Must},
author = {Zachary S. Bischof and John S. Otto and  Mario A. Sánchez and John P. Rula and David R. Choffnes and Fabián E. Bustamante},
year = 2013
}

@inproceedings{akamai-imc12,
 author = {Krishnan, S. Shunmuga and Sitaraman, Ramesh K.},
 title = {Video stream quality impacts viewer behavior: inferring causality using quasi-experimental designs},
 booktitle = {IMC},
 year = {2012},
}

@inproceedings{qoehotnets,
title = {{A Quest for an Internet Video Quality-of-Experience Metric}},
 author = {Athula Balachandran and Vyas Sekar and Aditya Akella and Srinivasan Seshan and Ion Stoica and Hui Zhang},
 booktitle = {HotNets},
 year = {2012}
}

@inproceedings{sigcomm12cdnmulti,
author = {Harry Liu and Ye Wang and Yang Richard Yang and Alexander Tian and Hao Wang}, 
title = {{Optimizing Cost and Performance for Content Multihoming}},
booktitle = {to appear in SIGCOMM 2012},
year= 2012
}
@inproceedings{sigcomm11,
author = {Florin Dobrian and  Vyas Sekar and  Asad Awan and  Ion Stoica and  Dilip Antony Joseph and  Aditya Ganjam and  Jibin Zhan and  Hui Zhang},  
title  = {{Understanding the impact of video quality on user engagement}},
booktitle = {SIGCOMM},
year = 2011
}

@inproceedings{mmsys2011cisco,
  title={{An Experimental Evaluation of Rate-Adaptation Algorithms in Adaptive Streaming over HTTP}},
  author={Akhshabi, Saamer and Begen, Ali C and Dovrolis, Constantine},
  booktitle={ACM MMSys},
  pages={157--168},
  year={2011},
  organization={ACM}
}


@inproceedings{akella2003empirical,
  title={An empirical evaluation of wide-area internet bottlenecks},
  author={Akella, A. and Seshan, S. and Shaikh, A.},
  booktitle={Proceedings of the 3rd ACM SIGCOMM conference on Internet measurement},
  pages={101--114},
  year={2003},
  organization={ACM}
}


@article{oliveira2007observing,
  title={Observing the evolution of Internet AS topology},
  author={Oliveira, R.V. and Zhang, B. and Zhang, L.},
  journal={ACM SIGCOMM Computer Communication Review},
  volume={37},
  number={4},
  pages={313--324},
  year={2007},
  publisher={ACM}
}
