@inproceedings{xbox-sigcomm09,
  title="{Matchmaking for Online Games and Other Latency-sensitive P2P Systems}",
  author={Agarwal, Sharad and Lorch, Jacob R},
  booktitle={In SIGCOMM},
  year={2009}
}

@article{rtp-rfc3550,
  title="{RTP: A Transport Protocol for Real-time Applications}",
  author={Frederick, R and Jacobson, V and Design, Packet},
  journal={IETF RFC3550},
  year={2003}
}

@article{cole,
  title="{Voice over IP Performance Monitoring}",
  author={Cole, Robert G and Rosenbluth, Joshua H},
  journal={ACM SIGCOMM Computer Communication Review},
  volume={31},
  number={2},
  pages={9--24},
  year={2001},
  publisher={ACM}
}

@misc{cisco-voip,
  title = "{Quality of Service for Voice over IP}",
  howpublished = "{\url{http://www.cisco.com/c/en/us/td/docs/ios/solutions_docs/qos_solutions/QoSVoIP/QoSVoIP.pdf}}",
}

@misc{itu,
  title = "{G.114: ITU Recommendation of One-way Transmission Time}",
  howpublished = "{\url{https://www.itu.int/rec/T-REC-G.114/en}}",
}

@misc{itu-mos,
  title = "{P.800.2: ITU Mean opinion score interpretation and reporting}",
  howpublished = "{\url{http://www.itu.int/rec/T-REC-P.800.2-201305-I/en}}",
}

@misc{itu-e-model15,
	title = "{G.107: The E-Model, a computational model for use in transmission planning}",
	howpublished = "{\url{https://www.itu.int/rec/T-REC-G.107-201506-I/en}}",
}

@misc{skype-marketshare,
	title = "{Skype's Incredible Rise, in One Image}",
	howpublished = "{\url{http://blogs.wsj.com/digits/2014/01/15/skypes-incredible-rise-in-one-image/}}",
}

@article{MBone-Eriksson94,
  title="{MBone: The Multicast Backbone}",
  author={Hans Eriksson},
  journal={Communications of the ACM (CACM)},
  month=Aug,
  year=1994	
}

@inproceedings{ALMI-USITS01,
  title="{ALMI: An Application Level Multicast Infrastructure}",
  author={D. Pendarakis and S. Shi and D. Verma and M. Waldvogel},
  booktitle={Usenix USITS},
  year=2001
}

@inproceedings{Multicast-Sigcomm02,
	title="{Scalable Application Layer Multicast}",
	author={S. Banerji and B. Bhattacharjee and C. Kommareddy},
	booktitle={SIGCOMM},
	year=2002
}

@inproceedings{Detour-Sigcomm99,
	title="{The End-to-end Effects of Internet Path Selection}",
	author={Stefan Savage and Andy Collins and Eric Hoffman and John Snell and Tom Anderson},
	booktitle={SIGCOMM},
	year=1999
}

@inproceedings{RON-SOSP01,
	title="{Resilient Overlay Networks}",
	author={David G. Andersen and Hari Balakrishnan and M. Frans Kaashoek and Robert Morris},
	booktitle={SOSP},
	year=2001
}

@inproceedings{Skype-GI08,
	title="{Skype Relay Calls: Measurements and Experiments}",
	author={Wookyun Kho and Salman Abdul Baset and Henning Schulzrinne},
	booktitle={IEEE Infocom Global Internet Workshop},
	year=2008
}

@inproceedings{VideoTelephony-IMC12,
	title="{Video Telephony for End-consumers: Measurement Study of Google+, iChat, and Skype}",
	author={Yang Xu and Chenguang Yu and Jingjiang Li and Yong Liu},
	booktitle={IMC},
	year=2012
}

@misc{Skype-Zdnet13,
	title = "{Microsoft: Skype runs on Windows Azure; SkyDrive up next}",
	howpublished = "{\url{http://www.zdnet.com/article/microsoft-skype-runs-on-windows-azure-skydrive-up-next/}}",
}

@inproceedings{DONAR-Sigcomm10,
	author = {Wendell, Patrick and Jiang, Joe Wenjie and Freedman, Michael J. and Rexford, Jennifer},
	title = "{DONAR: Decentralized Server Selection for Cloud Services}",
	booktitle = {SIGCOMM},
	year = {2010}
} 

@inproceedings{ServerSelection-ICDCS11,
	author = {Torres, Ruben and Finamore, Alessandro and Kim, Jin Ryong and Mellia, Marco and Munafo, Maurizio M. and Rao, Sanjay},
	title = "{Dissecting Video Server Selection Strategies in the YouTube CDN}",
	booktitle = {ICDCS},
	year = {2011}
} 

@article{IDMaps-ToN01,
	author = {Francis, Paul and Jamin, Sugih and Jin, Cheng and Jin, Yixin and Raz, Danny and Shavitt, Yuval and Zhang, Lixia},
	title = "{IDMaps: A Global Internet Host Distance Estimation Service}",
	journal = {IEEE/ACM Trans. Netw.},
	volume = {9},
	number = {5},
	month = oct,
	year = {2001},
	pages = {525--540}
} 

@inproceedings{GNP-Infocom02,
	title="{Predicting Internet Network Distance with Coordinates-based Approaches}",
	author={Ng, TS Eugene and Zhang, Hui},
	booktitle={IEEE INFOCOM},
	year={2002}
}

@inproceedings{Vivaldi-Sigcomm04,
	author = {Dabek, Frank and Cox, Russ and Kaashoek, Frans and Morris, Robert},
	title = "{Vivaldi: A Decentralized Network Coordinate System}",
	booktitle = {SIGCOMM},
	year = {2004}
} 

@article{Tomography-StatSci04,
	author = {Rui Castro and Mark Coates and Gang Liang and Robert Nowak and Bin Yu},
	title = "{Network Tomography: Recent Developments}",
	journal = {Statistical Science},
	volume = {19},
	number = {3},
	year = {2004},
	pages = {499--517}
} 

@inproceedings{Padmanabhan-Sigcomm00,
	author = {Padmanabhan, Venkata N. and Qiu, Lili},
	title = "{The Content and Access Dynamics of a Busy Web Site: Findings and Implications}",
	booktitle = {SIGCOMM},
	year = {2000}
} 

@inproceedings{CDN-OSDI02,
	author = {Saroiu, Stefan and Gummadi, Krishna P. and Dunn, Richard J. and Gribble, Steven D. and Levy, Henry M.},
	title = "{An Analysis of Internet Content Delivery Systems}",
	booktitle = {OSDI},
	year = {2002}
} 

@inproceedings{Streaming-Usits01,
	author={Chesire, Maureen and Wolman, Alec and Voelker, Geoffrey M and Levy, Henry M},
	title="{Measurement and Analysis of a Streaming Media Workload}",
	booktitle = {Usenix USITS},
	year = 2001
}

@inproceedings{Conviva-Sigcomm11,
	author = {Dobrian, Florin and Sekar, Vyas and Awan, Asad and Stoica, Ion and Joseph, Dilip and Ganjam, Aditya and Zhan, Jibin and Zhang, Hui},
	title = "{Understanding the Impact of Video Quality on User Engagement}",
	booktitle = {SIGCOMM},
	year = {2011}
} 

@inproceedings{SkypeQuality-WMUST12,
	author = {Chien-Nan Chen and Cing-Yu Chu and Su-Ling Yeh and Hao-hua Chu and Polly Huang},
	title = "{Measuring the Perceptual Quality of Skype Sources}",
	booktitle = {ACM SIGCOMM Workshop on Measurements up the Stack (W-MUST)},
	year = {2012}
} 

@inproceedings{SkypeQoE-Multimedia12,
	author = {Chien-Nan Chen and Cing-Yu Chu and Su-Ling Yeh and Hao-hua Chu and Polly Huang},
	title = "{Modeling the QoE of Rate Changes in SKYPE/SILK VoIP Calls}",
	booktitle = {ACM Multimedia},
	year = {2012}
} 

@inproceedings{SkypeMeasurement-IPTPS07,
	title="{A Measurement-based Study of the Skype Peer-to-Peer VoIP Performance}",
	author={Xie, Haiyong and Yang, Yang Richard},
	booktitle = {IPTPS},
	year = {2012}
}

@inproceedings{SkypeUserSatisfaction-Sigcomm06,
	author = {Chen, Kuan-Ta and Huang, Chun-Ying and Huang, Polly and Lei, Chin-Laung},
	title = "{Quantifying Skype User Satisfaction}",
	booktitle = {SIGCOMM},
	year = {2006}
} 

@inproceedings{rewan-hotnets2015,
  title="{Leveraging the Power of Cloud for Reliable Wide Area Communication}",
  author={Haq, Osama and Dogar, Fahad R},
  booktitle={ACM Workshop on Hot Topics in Networks},
  year={2015}
}

@inproceedings{DiversiFi-CoNext2015,
	title="{DiversiFi: Robust Multi-Link Interactive Streaming}",
	author={Rajat Kateja and Nimantha Baranasuriya and Vishnu Navda and Venkata N. Padmanabhan},
	booktitle={ACM CoNext},
	year={2015}
}

@article{UCB1,
	author = {Peter Auer and Nicolo Cesa-Bianchi and Paul Fischer},
	title = "{Finite-time analysis of the multiarmed bandit problem}",
	journal = {Machine Learning},
	volume = {47},
	number = {2--3},
	year = {2002}
} 

@inproceedings{tomo-gravity,
  title={Fast accurate computation of large-scale IP traffic matrices from link loads},
  author={Zhang, Yin and Roughan, Matthew and Duffield, Nick and Greenberg, Albert},
  booktitle={ACM SIGMETRICS Performance Evaluation Review},
  volume={31},
  number={1},
  pages={206--217},
  year={2003},
  organization={ACM}
}

@inproceedings{cao2015top,
  title={On top-k selection in multi-armed bandits and hidden bipartite graphs},
  author={Cao, Wei and Li, Jian and Tao, Yufei and Li, Zhize},
  booktitle={Advances in Neural Information Processing Systems},
  pages={1036--1044},
  year={2015}
}

@misc{whatsapp-blog,
title = {{WhatsApp Calling: 100 million conversations every day}},
howpublished = {\url{https://blog.whatsapp.com/10000625/WhatsApp-Calling-100-million-conversations-every-day,}, Jun 23, 2016}
}
