@inproceedings{c3,
  title={C3: Internet-Scale Control Plane for Video Quality Optimization},
  author={Ganjam, Aditya and Siddiqi, Faisal and Zhan, Jibin and Stoica, Ion and Jiang, Junchen and Sekar, Vyas and Zhang, Hui},
  booktitle={NSDI},
  year={2015},
  organization={USENIX}
}

@inproceedings{li2010contextual,
  title={A contextual-bandit approach to personalized news article recommendation},
  author={Li, Lihong and Chu, Wei and Langford, John and Schapire, Robert E},
  booktitle={Proceedings of the 19th international conference on World wide web},
  pages={661--670},
  year={2010},
  organization={ACM}
}

@inproceedings{li2011unbiased,
  title={Unbiased offline evaluation of contextual-bandit-based news article recommendation algorithms},
  author={Li, Lihong and Chu, Wei and Langford, John and Wang, Xuanhui},
  booktitle={Proceedings of the fourth ACM international conference on Web search and data mining},
  pages={297--306},
  year={2011},
  organization={ACM}
}

@book{angrist2008mostly,
  title={Mostly harmless econometrics: An empiricist's companion},
  author={Angrist, Joshua D and Pischke, J{\"o}rn-Steffen},
  year={2008},
  publisher={Princeton university press}
}

@article{krishnan2013video,
  title={Video stream quality impacts viewer behavior: inferring causality using quasi-experimental designs},
  author={Krishnan, S Shunmuga and Sitaraman, Ramesh K},
  journal={IEEE/ACM Transactions on Networking},
  volume={21},
  number={6},
  pages={2001--2014},
  year={2013},
  publisher={IEEE Press}
}

@book{svm,
  title={Learning with kernels: support vector machines, regularization, optimization, and beyond},
  author={Sch{\"o}lkopf, Bernhard and Smola, Alexander J},
  year={2002},
  publisher={MIT press}
}

@inproceedings{balachandran2013analyzing,
  title={Analyzing the potential benefits of CDN augmentation strategies for internet video workloads.},
  author={Balachandran, Athula and Sekar, Vyas and Akella, Aditya and Seshan, Srinivasan},
  booktitle={ACM IMC},
  pages={43--56},
  year={2013}
}

@inproceedings{su2006drafting,
  title={Drafting behind Akamai (travelocity-based detouring)},
  author={Su, Ao-Jan and Choffnes, David R and Kuzmanovic, Aleksandar and Bustamante, Fabi{\'a}n E},
  booktitle={ACM SIGCOMM Computer Communication Review},
  volume={36},
  number={4},
  pages={435--446},
  year={2006},
  organization={ACM}
}

@inproceedings{eona,
  title={EONA: Experience-Oriented Network Architecture},
  author={Jiang, Junchen and Liu, Xi and Sekar, Vyas and Stoica, Ion and Zhang, Hui},
  booktitle={ACM HotNets},
  year={2014}
}

@inproceedings{dixit2013towards,
  title={Towards an elastic distributed sdn controller},
  author={Dixit, Advait and Hao, Fang and Mukherjee, Sarit and Lakshman, TV and Kompella, Ramana},
  booktitle={ACM HotSDN},
  year={2013}
}

@inproceedings{panda2013cap,
  title={CAP for Networks},
  author={Panda, Aurojit and Scott, Colin and Ghodsi, Ali and Koponen, Teemu and Shenker, Scott},
  booktitle={ACM HotSDN},
  year={2013}
}

@inproceedings{bhagwan2014adtributor,
  title={Adtributor: revenue debugging in advertising systems},
  author={Bhagwan, Ranjita and Kumar, Rahul and Ramjee, Ramachandran and Varghese, George and Mohapatra, Surjyakanta and Manoharan, Hemanth and Shah, Piyush},
  booktitle={USENIX NSDI},
  year={2014}
}

@inproceedings{sambasivan2011diagnosing,
  title={Diagnosing Performance Changes by Comparing Request Flows.},
  author={Sambasivan, Raja R and Zheng, Alice X and De Rosa, Michael and Krevat, Elie and Whitman, Spencer and Stroucken, Michael and Wang, William and Xu, Lianghong and Ganger, Gregory R},
  booktitle={USENIX NSDI},
  year={2011}
}

@misc{conviva-report,
  title = {Conviva viewer experience report},
  howpublished = "{\url{http://goo.gl/q7ljSZ}}",
}

@misc{conviva-reportlong,
  title = {Conviva viewer experience report},
  howpublished = "{\url{http://www.conviva.com/reports/2014\_Viewer\_Experience\_Report.pdf}}",
}

@article{sdx,
  title={SDX: A Software Defined Internet Exchange},
  author={Gupta, Arpit and Shahbaz, Muhammad and Vanbever, Laurent and Kim, Hyojoon and Clark, Russ and Feamster, Nick and Rexford, Jennifer and Shenker, Scott},
  booktitle={ACM SIGCOMM},
  year={2014}
}

@book{powell2007approximate,
  title={Approximate Dynamic Programming: Solving the curses of dimensionality},
  author={Powell, Warren B},
  volume={703},
  year={2007},
  publisher={John Wiley \& Sons}
}

@inproceedings{43146,
title = {Machine Learning: The High Interest Credit Card of Technical Debt},
author  = {D. Sculley and Gary Holt and Daniel Golovin and Eugene Davydov and Todd Phillips and Dietmar Ebner and Vinay Chaudhary and Michael Young},
year  = {2014},
booktitle = {SE4ML: Software Engineering for Machine Learning (NIPS 2014 Workshop)}
}


@inproceedings{kotronis2012outsourcing,
  title={Outsourcing the routing control logic: better internet routing based on SDN principles},
  author={Kotronis, Vasileios and Dimitropoulos, Xenofontas and Ager, Bernhard},
  booktitle={ACM HotNets},
  year={2012}
}

@inproceedings{LethamRuMcMaAAAI13, 
  author    = {Benjamin Letham and Cynthia Rudin and Tyler H. McCormick and David Madigan},
  title={An Interpretable Stroke Prediction Model using Rules and Bayesian Analysis},
  year={2013},
  booktitle={AAAI Late Breaking Track}
}

@inproceedings{agarwal2013traffic,
  title={Traffic engineering in software defined networks},
  author={Agarwal, Sugam and Kodialam, Murali and Lakshman, TV},
  booktitle={IEEE INFOCOM},
  year={2013}
}


@article{paxson1995wide,
  title={Wide area traffic: the failure of Poisson modeling},
  author={Paxson, Vern and Floyd, Sally},
  journal={IEEE/ACM Transactions on Networking (ToN)},
  year={1995}
}


@article{floyd2001difficulties,
  title={Difficulties in simulating the Internet},
  author={Floyd, Sally and Paxson, Vern},
  journal={IEEE/ACM Transactions on Networking (ToN)},
  year={2001}
}

@misc{netflix-viewers,
  title = {Half of Internet Traffic in North America Is Just to Watch Netflix and YouTube},
  howpublished = "{\url{http://goo.gl/Y526eZ}}",
}

@misc{netflix-viewerslong,
  title = {Half of Internet Traffic in North America Is Just to Watch Netflix and YouTube},
  howpublished = "{\url{http://www.thewire.com/technology/2013/05/netflix-youtube-traffic/65210/}}",
}

@article{googleinitwindow,
title = {{An Argument for Increasing TCP's Initial Congestion Window}},
author  = {Nandita Dukkipati and Tiziana Refice and Yuchung Cheng and Jerry Chu and Tom Herbert and Amit Agarwal and Arvind Jain and Natalia Sutin},
journal={Computer Communication Review},
volume={40},
number={3},
pages={26--33},
year={2010}
}

@inproceedings{yin2014toward,
  title={Toward a Principled Framework to Design Dynamic Adaptive Streaming Algorithms over HTTP},
  author={Yin, Xiaoqi and Sekar, Vyas and Sinopoli, Bruno},
  booktitle={ACM HotNets},
  year={2014}
}

@inproceedings{balachandran2014modeling,
  title={Modeling Web Quality-of-Experience on Cellular Networks},
  author={Balachandran, Athula and Aggarwal, Vaneet and Halepovic, Emir and Pang, Jeffrey and Seshan, Srinivasan and Venkataraman, Shobha and Yan, He},
  booktitle={MobiCom},
  pages={213--224},
  year={2014},
  organization={ACM}
}

@inproceedings{aggarwal2014prometheus,
  title={{Prometheus: Toward Quality-Of-Experience Estimation for Mobile Apps from Passive Network Measurements}},
  author={Aggarwal, Vaneet and Halepovic, Emir and Pang, Jeffrey and Venkataraman, Shobha and Yan, He},
  booktitle={MobiCom},
  year={2014}
}

@book{jaynes2003probability,
  title={Probability theory: the logic of science},
  author={Jaynes, Edwin T},
  year={2003},
  publisher={Cambridge university press}
}

@misc{dda-report,
  title = {Technical note on the CFA algorithm},
  howpublished = "{\url{https://www.cs.cmu.edu/dda_technote.pdf}}"
  %title = {Anonymized technical note on the DDA algorithm},
  %howpublished = "{\url{https://drive.google.com/file/d/0B3M1PLOd9epbcEh0WlFpdG9fRnM/view?usp=sharing}}"
}

@misc{cfe-report,
  title = {Technical note on counterfactual evaluation},
  howpublished = "{\url{https://www.cs.cmu.edu/cfe_technote.pdf}}"
  %title = {Anonymized technical note on counterfactual evaluation},
  %howpublished = "{\url{https://drive.google.com/file/d/0B3M1PLOd9epbNFA1WWNQYzNja28/view?usp=sharing}}"
}

@inproceedings{velox-cidr,
  title={The missing piece in complex analytics: Low latency, scalable model management and serving with velox},
  author={Crankshaw, Daniel and Bailis, Peter and Gonzalez, Joseph E and Li, Haoyuan and Zhang, Zhao and Franklin, Michael J and Ghodsi, Ali and Jordan, Michael I},
  booktitle={Conference on Innovative Data Systems Research (CIDR)},
  year={2015}
}

@misc{ab,
  title = {How a/b testing works},
  howpublished = "{\url{http://goo.gl/SMTT9N}}"
}

@book{qed,
  title={Experimental and quasi-experimental designs for generalized causal inference},
  author={Campbell, Donald T and Stanley, Julian C},
  year={1963},
  publisher={Houghton Mifflin}
}

@misc{googledelay,
  title = {Google: Users Abandon Slow Web Pages In Four Seconds, Here's Our Answer},
  howpublished = "{\url{http://goo.gl/AWzm9R}}"
}

@misc{velocitydelay,
  title = {Latency Is The Mind Killer},
  howpublished = "{\url{http://goo.gl/XRXHGz}}"
}

@inproceedings{luckie2014challenges,
  title={Challenges in Inferring Internet Interdomain Congestion},
  author={Luckie, Matthew and Dhamdhere, Amogh and Clark, David and Huffaker, Bradley and others},
  booktitle={ACM IMC},
  year={2014}
}

@inproceedings{clark2014measurement,
  title={Measurement and Analysis of Internet Interconnection and Congestion},
  author={Clark, David D and Bauer, Steven and Lehr, William and Claffy, KC and Dhamdhere, Amogh D and Huffaker, Bradley and Luckie, Matthew},
  booktitle={2014 TPRC Conference Paper},
  year={2014}
}

@misc{weka,
  title = {The Weka Manual 3.6.10},
  howpublished = "{\url{https://katie.mtech.edu/classes/csci347/Resources/WekaManual-3-6-10.pdf
}}"
}

@article{kl,
  title={On information and sufficiency},
  author={Kullback, Solomon and Leibler, Richard A},
  journal={The annals of mathematical statistics},
  pages={79--86},
  year={1951},
  publisher={JSTOR}
}

@book{ml101,
  title={Pattern recognition and machine learning},
  author={Bishop, Christopher M},
  year={2006},
  publisher={springer}
}

@article{racine2004nonparametric,
  title={Nonparametric estimation of regression functions with both categorical and continuous data},
  author={Racine, Jeff and Li, Qi},
  journal={Journal of Econometrics},
  volume={119},
  number={1},
  pages={99--130},
  year={2004},
  publisher={Elsevier}
}

@article{terrell1992variable,
  title={Variable kernel density estimation},
  author={Terrell, George R and Scott, David W},
  journal={The Annals of Statistics},
  pages={1236--1265},
  year={1992},
  publisher={JSTOR}
}

@misc{convivapersonal,
title = {Personal communication with Aditya Ganjam from Conviva, who is an expert on video QoE.}
}
