@misc{cloudlab,
title = {{CloudLab}},
howpublished={\url{https://www.cloudlab.us/}}
}

@misc{SmoothStreaming,
title = {{SmoothStreaming Protocol}},
howpublished = {\url{http://go.microsoft.com/?linkid=9682896}}
}

@inproceedings{youtube-imc07,
title = {{ I Tube, You Tube, Everybody Tubes: Analyzing the World's
Largest User Generated Content Video System}},
author = {Meeyoung Cha and  Haewoon Kwak and Pablo Rodriguez and  Yong-Yeol Ahn and
Sue Moon},
booktitle = {IMC},
year = {2007}
}

@inproceedings{mukerjee2015practical,
title={Practical, Real-time Centralized Control for CDN-based Live Video Delivery},
author={Mukerjee, Matthew K and Naylor, David and Jiang, Junchen and Han, Dongsu and Seshan, Srinivasan and Zhang, Hui},
booktitle={SIGCOMM},
year={2015}
}

@article{mwt,
title={{A Multiworld Testing Decision Service}},
author={Agarwal, Alekh and Bird, Sarah and Cozowicz, Markus and Hoang, Luong and Langford, John and Lee, Stephen and Li, Jiaji and Melamed, Dan and Oshri, Gal and Ribas, Oswaldo},
journal={arXiv preprint arXiv:1606.03966},
year={2016}
}

@inproceedings{neural-streaming,
title={{Neural Adaptive Video Streaming with Pensieve}},
author={Mao, Hongzi and Netravali, Ravi and Alizadeh, Mohammad},
booktitle={SIGCOMM},
year={2017}
}

@article{baset2004analysis,
title={{An Analysis of the Skype Peer-To-Peer Internet Telephony Protocol}},
author={Baset, Salman A and Schulzrinne, Henning},
journal={arXiv preprint cs/0412017},
year={2004}
}

@inproceedings{jetstream,
title={{Aggregation and Degradation in Jetstream: Streaming Analytics in the Wide Area}},
author={Rabkin, Ariel and Arye, Matvey and Sen, Siddhartha and Pai, Vivek S and Freedman, Michael J},
booktitle={NSDI},
year={2014}
}

@inproceedings{ccn,
title = {{Networking Named Content}},
author = {Van Jacobson and Diana K. Smetters and James D. Thornton and Michael F. Plass and Nicholas H. Briggs and Rebecca L. Braynard},
booktitle = {CoNext},
year = {2009}
}

@inproceedings{via,
title="{Via: Improving Internet Telephony Call Quality Using Predictive Relay Selection}",
author={Jiang, Junchen and Das, Rajdeep and Anathanarayanan, Ganesh and Chou, Philip and Padmanabhan, Venkata and Sekar, Vyas and Dominique, Esbjorn and Goliszewski, Marcin and Kukoleca, Dalibor and Vafin, Renat and Zhang, Hui},
booktitle={SIGCOMM},
year={2016}
}

@inproceedings{Detour-Sigcomm99,
title="{The End-to-end Effects of Internet Path Selection}",
author={Stefan Savage and Andy Collins and Eric Hoffman and John Snell and Tom Anderson},
booktitle={SIGCOMM},
year={1999}
}

@misc{youtube-stats,
title = {{Youtube Statistics}},
howpublished={\url{http://fortunelords.com/youtube-statistics/}}
}

@inproceedings{lin2015kemy,
title={{Kemy: An AQM Generator Based on Machine Learning}},
author={Lin, XinAn and Zhang, Dong},
booktitle={ChinaCom},
year={2015}
}

@inproceedings{nikravesh2014mobile,
title={{Mobile Network Performance from User Devices: A Longitudinal, Multidimensional Analysis}},
author={Nikravesh, Ashkan and Choffnes, David R and Katz-Bassett, Ethan and Mao, Z Morley and Welsh, Matt},
booktitle={PAM},
year={2014}
}

@inproceedings{mobicom2014-qos,
title = {{Modeling Web Quality-Of-Experience on Cellular Networks}},
author = {Balachandran, Athula and Aggarwal, Vaneet and Halepovic, Emir and Pang, Jeffrey and Seshan, Srinivasan and Venkataraman, Shobha and Yan, He},
booktitle = {MobiCom},
year={2014}
}

@inproceedings{tian2012towards,
title={{Towards Agile and Smooth Video Adaptation in Dynamic HTTP Streaming}},
author={Tian, Guibin and Liu, Yong},
booktitle={CoNEXT}
year={2012}
}

@inproceedings{iris,
title={{Low Latency Geo-Distributed Data Analytics}},
author={Pu, Qifan and Ananthanarayanan, Ganesh and Bodik, Peter and Kandula, Srikanth and Akella, Aditya and Bahl, Paramvir and Stoica, Ion},
booktitle={SIGCOMM},
year={2015}
}

@misc{itu-e-model15,
title = "{G.107: The E-Model, a computational model for use in transmission planning}",
howpublished = "{\url{https://www.itu.int/rec/T-REC-G.107-201506-I/en}}",
}

@article{cmab,
title={{Contextual Bandits with Similarity Information}},
author={Slivkins, Aleksandrs},
journal={The Journal of Machine Learning Research},
volume={15},
number={1},
pages={2533--2568},
year={2014}
}

@inproceedings{aaron-cidr,
title={{Adaptive Concurrency Control: Despite the Looking Glass, One Concurrency Control Does Not Fit All}},
author={Tang, Dixin and Jiang, Hao and Elmore, Aaron J.},
booktitle={CIDR},
year={2017}
}

@inproceedings{balakrishnan1997analyzing,
title={{Analyzing Stability in Wide-Area Network Performance}},
author={Balakrishnan, Hari and Stemm, Mark and Seshan, Srinivasan and Katz, Randy H},
booktitle={SIGMETRICS},
year={1997}
}

@inproceedings{ALMI-USITS01,
title="{ALMI: An Application Level Multicast Infrastructure}",
author={Pendarakis, Dimitrios and Shi, Sherlia and Verma, Dinesh and Waldvogel, Marcel},
booktitle={USENIX USITS},
year={2001}
}

@inproceedings{ramasubramanian2009treeness,
title={{On the Treeness of Internet Latency and Bandwidth}},
author={Ramasubramanian, Venugopalan and Malkhi, Dahlia and Kuhn, Fabian and Balakrishnan, Mahesh and Gupta, Archit and Akella, Aditya},
booktitle={SIGMETRICS},
year={2009}
}

@inproceedings{c3,
title={{C3: Internet-Scale Control Plane for Video Quality Optimization}},
author={Ganjam, Aditya and Siddiqi, Faisal and Zhan, Jibin and Stoica, Ion and Jiang, Junchen and Sekar, Vyas and Zhang, Hui},
booktitle={NSDI},
year={2015}
}

@inproceedings{yan2007tesseract,
title={{Tesseract: A 4D Network Control Plane}},
author={Yan, Hong and Maltz, David A and Ng, TS Eugene and Gogineni, Hemant and Zhang, Hui and Cai, Zheng},
booktitle={NSDI},
year={2007}
}

@inproceedings{usenix12_ghobadi,
title = {{Trickle: Rate Limiting YouTube Video Streaming}},
author = {Monia Ghobadi and Yuchung Cheng and Ankur Jain and Matt Mathis},
booktitle = {ATC},
year = 2012
}

@inproceedings{jacobson1988congestion,
title={{Congestion Avoidance and Control}},
author={Jacobson, Van},
booktitle={ACM SIGCOMM CCR},
volume={18},
number={4},
pages={314--329},
year={1988}
}

@inproceedings{sigcomm12cdnmulti,
author = {Harry Liu and Ye Wang and Yang Richard Yang and Alexander Tian and Hao Wang},
title = {{Optimizing Cost and Performance for Content Multihoming}},
booktitle = {SIGCOMM},
year= {2012}
}

@inproceedings{li2010contextual,
title={{A Contextual-Bandit Approach to Personalized News Article Recommendation}},
author={Li, Lihong and Chu, Wei and Langford, John and Schapire, Robert E},
booktitle={WWW},
year={2010}
}

@inproceedings{onos,
title={{ONOS: Towards an Open, Distributed SDN OS}},
author={Berde, Pankaj and Gerola, Matteo and Hart, Jonathan and Higuchi, Yuta and Kobayashi, Masayoshi and Koide, Toshio and Lantz, Bob and Oâ€™Connor, Brian and Radoslavov, Pavlin and Snow, William},
booktitle={HotSDN}
year={2014}
}

@inproceedings{dabek2004vivaldi,
title={{Vivaldi: A Decentralized Network Coordinate System}},
author={Dabek, Frank and Cox, Russ and Kaashoek, Frans and Morris, Robert},
booktitle={SIGCOMM},
year={2004}
}

@inproceedings{zaharia2013discretized,
title={{Discretized Streams: Fault-Tolerant Streaming Computation at Scale}},
author={Zaharia, Matei and Das, Tathagata and Li, Haoyuan and Hunter, Timothy and Shenker, Scott and Stoica, Ion},
booktitle={SOSP}
year={2013}
}

@inproceedings{doublerobust,
title={{Doubly Robust Policy Evaluation and Learning}},
author={Dud{\'\i}k, Miroslav and Langford, John and Li, Lihong},
booktitle={ICML},
year={2011}
}

@inproceedings{pytheas,
title={{Pytheas: Enabling Data-Driven Quality of Experience Optimization Using Group-Based Exploration-Exploitation}},
author={Jiang, Junchen and Sun, Shijie and Sekar, Vyas and Zhang, Hui},
booktitle={NSDI},
year={2017}
}

@inproceedings{Multicast-Sigcomm02,
title="{Scalable Application Layer Multicast}",
author={S. Banerji and B. Bhattacharjee and C. Kommareddy},
booktitle={SIGCOMM},
year={2002}
}

@techreport{intserv,
title={{Integrated Services in the Internet Architecture: An Overview}},
author={Braden, Robert and Clark, David and Shenker, Scott},
year={1994},
institution={RFC 1633}
}

@inproceedings{kreps2011kafka,
title={{Kafka: A Distributed Messaging System for Log Processing}},
author={Kreps, Jay and Narkhede, Neha and Rao, Jun},
booktitle={NetDB},
year={2011}
}

@inproceedings{tootoonchian2012controller,
title={{On Controller Performance in Software-Defined Networks}},
author={Tootoonchian, Amin and Gorbunov, Sergey and Ganjali, Yashar and Casado, Martin and Sherwood, Rob},
booktitle={USENIX Hot-ICE},
year={2012}
}

@inproceedings{geode,
title={{Global Analytics in the Face of Bandwidth and Regulatory Constraints}},
author={Vulimiri, Ashish and Curino, Carlo and Godfrey, P Brighten and Jungblut, Thomas and Padhye, Jitu and Varghese, George},
booktitle={NSDI},
year={2015}
}

@misc{netflix,
title = {{Mail Service Costs Netflix 20 Times More Than Streaming}},
howpublished = {\url{https://www.techspot.com/news/42036-mail-service-costs-netflix-20-times-more-than-streaming.html}}
}

@misc{convivapersonal,
title = {Personal communication with Aditya Ganjam from Conviva, who is an expert on video QoE.}
}

@inproceedings{stemm2000network,
title={{A Network Measurement Architecture for Adaptive Applications}},
author={Stemm, Mark and Katz, Randy and Seshan, Srinivasan},
booktitle={INFOCOM},
year={2000}
}

@book{brakmo1994tcp,
title={{TCP Vegas: New Techniques for Congestion Detection and Avoidance}},
author={Brakmo, Lawrence S and O'Malley, Sean W and Peterson, Larry L},
volume={24},
number={4},
year={1994},
publisher={ACM}
}

@inproceedings{DONAR-Sigcomm10,
author = {Wendell, Patrick and Jiang, Joe Wenjie and Freedman, Michael J. and Rexford, Jennifer},
title = "{DONAR: Decentralized Server Selection for Cloud Services}",
booktitle = {SIGCOMM},
year = {2010}
}

@misc{spark,
title = {Spark},
howpublished = "{\url{http://spark.incubator.apache.org/}}",
}

@article{he2009learning,
title={{Learning from Imbalanced Data}},
author={He, Haibo and Garcia, Edwardo A},
journal={IEEE Transactions on Knowledge and Data Engineering},
volume={21},
number={9},
pages={1263--1284},
year={2009}
}

@article{deeplearning,
title={{Deep Learning}},
author={LeCun, Yann and Bengio, Yoshua and Hinton, Geoffrey},
journal={Nature},
volume={521},
number={7553},
pages={436--444},
year={2015}
}

@techreport{mpls,
title={{Multiprotocol Label Switching Architecture}},
author={Rosen, Eric and Viswanathan, Arun and Callon, Ross},
year={2000},
institution={RFC 3031}
}

@inproceedings{rcp,
title={{Learning from Imbalanced DataMaking Large Scale Deployment of RCP Practical for Real Networks}},
author={Tai, C-H and Zhu, Jiang and Dukkipati, Nandita},
booktitle={INFOCOM},
year={2008}
}

@inproceedings{sigcomm2010-mercury,
title = {{Detecting the Performance Impact of Upgrades in Large Operational Networks}},
author = {Mahimkar, Ajay Anil and Song, Han Hee and Ge, Zihui and Shaikh, Aman and Wang, Jia and Yates, Jennifer and Zhang, Yin and Emmons, Joanne},
booktitle = {SIGCOMM},
year={2010}
}

@inproceedings{cfa,
title="{CFA: a practical prediction system for video QoE optimization}",
author={Jiang, Junchen and Sekar, Vyas and Milner, Henry and Shepherd, Davis and Stoica, Ion and Zhang, Hui},
booktitle={NSDI},
year={2016}
}

@article{frank2013pushing,
title={{Pushing CDN-ISP Collaboration to the Limit}},
author={Frank, Benjamin and Poese, Ingmar and Lin, Yin and Smaragdakis, Georgios and Feldmann, Anja and Maggs, Bruce and Rake, Jannis and Uhlig, Steve and Weber, Rick},
journal={ACM SIGCOMM CCR},
volume={43},
number={3},
year={2013}
}

@article{Tomography-StatSci04,
author = {Rui Castro and Mark Coates and Gang Liang and Robert Nowak and Bin Yu},
title = "{Network Tomography: Recent Developments}",
journal = {Statistical Science},
volume = {19},
number = {3},
year = {2004},
pages = {499--517}
}

@inproceedings{sambasivan2011diagnosing,
title={{Diagnosing Performance Changes by Comparing Request Flows}},
author={Sambasivan, Raja R and Zheng, Alice X and De Rosa, Michael and Krevat, Elie and Whitman, Spencer and Stroucken, Michael and Wang, William and Xu, Lianghong and Ganger, Gregory R},
booktitle={NSDI},
year={2011}
}

@inproceedings{lacurts2014cicada,
title={{Cicada: Introducing Predictive Guarantees for Cloud Networks}},
author={LaCurts, Katrina and Mogul, Jeffrey C and Balakrishnan, Hari and Turner, Yoshio},
booktitle={HotCloud},
year={2014}
}

@misc{dashjs,
title = {{dash.js}},
howpublished={\url{https://github.com/Dash-Industry-Forum/dash.js/wiki}}
}

@book{svm,
title={{Learning with Kernels: Support Vector Machines, Regularization, Optimization, and Beyond}},
author={Sch{\"o}lkopf, Bernhard and Smola, Alexander J},
year={2002},
publisher={MIT press}
}

@inproceedings{youtube-infra,
author = {Vijay Kumar Adhikari and  Yingying Chen and  Sourabh Jain and Zhi-Li Zhang},
title = {{Where Do You 'Tube'? Uncovering YouTube Server Selection Strategy}},
booktitle = {ICCCN},
year = {2011}
}

@misc{apache-benchmarking,
title = {{Apache HTTP Server Benchmarking}},
howpublished={\url{https://httpd.apache.org/docs/2.4/programs/ab.html}}
}

@inproceedings{akamai-imc12,
author = {Krishnan, S. Shunmuga and Sitaraman, Ramesh K.},
title = {{Video Stream Quality Impacts Viewer Behavior: Inferring Causality Using Quasi-Experimental Designs}},
booktitle = {IMC},
year = {2012},
}

@misc{workshop-wmust,
title = {{The ACM SIGCOMM 2012 Workshop on Measurements Up and Down the Stack (W-MUST 2012)}},
howpublished={\url{http://conferences.sigcomm.org/sigcomm/2012/wmust.php}}
}

@inproceedings{CDN-OSDI02,
author = {Saroiu, Stefan and Gummadi, Krishna P. and Dunn, Richard J. and Gribble, Steven D. and Levy, Henry M.},
title = "{An Analysis of Internet Content Delivery Systems}",
booktitle = {OSDI},
year = {2002}
}

@inproceedings{webhci1,
title={{Quality Is in the Eye of the Beholder: Meeting Users' Requirements for Internet Quality of Service}},
author={Bouch, Anna and Kuchinsky, Allan and Bhatti, Nina},
booktitle={ACM CHI},
year={2000}
}

@inproceedings{SkypeQuality-WMUST12,
author = {Chien-Nan Chen and Cing-Yu Chu and Su-Ling Yeh and Hao-hua Chu and Polly Huang},
title = "{Measuring the Perceptual Quality of Skype Sources}",
booktitle = {SIGCOMM W-MUST},
year = {2012}
}

@article{insitu,
title={{In-Situ Quality of Experience Monitoring: The Case for Prioritizing Coverage Over Fidelity}},
author={Ganjam, Aditya and Sekar, Vyas and Zhang, Hui}
journal={NSF QoE Workshop}
year={2015}
}

@book{mcculloch2001generalized,
title={{Generalized Linear Mixed Models}},
author={McCulloch, Charles E and Neuhaus, John M},
year={2001},
publisher={Wiley Online Library}
}

@book{powell2007approximate,
title={{Approximate Dynamic Programming: Solving the Curses of Dimensionality}},
author={Powell, Warren B},
volume={703},
year={2007},
publisher={John Wiley \& Sons}
}

@article{rsvp,
title={{RSVP: A New Resource Reservation Protocol}},
author={Zhang, Lixia and Deering, Steve and Estrin, Deborah and Shenker, Scott and Zappala, Daniel},
journal={IEEE Network},
volume={7},
number={5},
pages={8--18},
year={1993}
}

@inproceedings{choffnes2010crowdsourcing,
title={{Crowdsourcing Service-Level Network Event Monitoring}},
author={Choffnes, David R and Bustamante, Fabi{\'a}n E and Ge, Zihui},
booktitle={ACM SIGCOMM CCR},
volume={40},
number={4},
pages={387--398},
year={2010}
}

@article{IDMaps-ToN01,
author = {Francis, Paul and Jamin, Sugih and Jin, Cheng and Jin, Yixin and Raz, Danny and Shavitt, Yuval and Zhang, Lixia},
title = "{IDMaps: A Global Internet Host Distance Estimation Service}",
journal = {IEEE/ACM Transaction on Networking},
volume = {9},
number = {5},
month = oct,
year = {2001},
pages = {525--540}
}

@article{red,
title={{Random Early Detection Gateways for Congestion Avoidance}},
author={Floyd, Sally and Jacobson, Van},
journal={IEEE/ACM Transactions on Networking},
volume={1},
number={4},
pages={397--413},
year={1993}
}

@article{floodlightopenflow,
title={{OpenFlow Controller}},
author={Floodlight, SDN},
journal={Web: https://github.com/floodlight/floodlight}
}

@misc{weka,
title = {{The Weka Manual 3.6.10}},
howpublished = "{\url{https://katie.mtech.edu/classes/csci347/Resources/WekaManual-3-6-10.pdf
}}"
}

@book{keshav2012mathematical,
title={{Mathematical Foundations of Computer Networking}},
author={Keshav, Srinivasan},
year={2012},
publisher={Addison-Wesley}
}

@inproceedings{diversifi,
title={{Diversifi: Robust Multi-Link Interactive Streaming}},
author={Kateja, Rajat and Baranasuriya, Nimantha and Navda, Vishnu and Padmanabhan, Venkata N},
booktitle={CoNEXT},
year={2015}
}

@inproceedings{sun2014using,
title={{Using Video-Based Measurements to Generate a Real-Time Network Traffic Map}},
author={Sun, Yi and Jiang, Junchen and Sekar, Vyas and Zhang, Hui and Lin, Fuyuan and Wang, Nanshu},
booktitle={HotNets},
year={2014}
}

@inproceedings{chen2015end,
title={{End-User Mapping: Next Generation Request Routing for Content Delivery}},
author={Chen, Fangfei and Sitaraman, Ramesh K and Torres, Marcelo},
booktitle={ACM SIGCOMM CCR},
volume={45},
number={4},
pages={167--181},
year={2015}
}

@article{mbone,
title={{Mbone: The Multicast Backbone}},
author={Eriksson, Hans},
journal={Communications of the ACM},
volume={37},
number={8},
pages={54--61},
year={1994}
}

@inproceedings{calvinlin-cache,
title={{Back to the Future: Leveraging Belady's Algorithm for Improved Cache Replacement}},
author={Jain, Akanksha and Lin, Calvin},
booktitle={ISCA}
year={2016}
}

@article{jain2003end,
title={{End-To-End Available Bandwidth: Measurement Methodology, Dynamics, and Relation with TCP Throughput}},
author={Jain, Manish and Dovrolis, Constantinos},
journal={IEEE/ACM Transactions on Networking},
volume={11},
number={4},
pages={537--549},
year={2003}
}

@inproceedings{SkypeUserSatisfaction-Sigcomm06,
author = {Chen, Kuan-Ta and Huang, Chun-Ying and Huang, Polly and Lei, Chin-Laung},
title = "{Quantifying Skype User Satisfaction}",
booktitle = {SIGCOMM},
year = {2006}
}

@inproceedings{huang2014buffer,
title={{A Buffer-Based Approach to Rate Adaptation: Evidence from a Large Video Streaming Service}},
author={Huang, Te-Yuan and Johari, Ramesh and McKeown, Nick and Trunnell, Matthew and Watson, Mark},
booktitle={SIGCOMM},
year={2014}
}

@misc{itu,
title = "{G.114: ITU Recommendation of One-way Transmission Time}",
howpublished = "{\url{https://www.itu.int/rec/T-REC-G.114/en}}",
}

@inproceedings{rexford-sdn-update,
author = {Katta, Naga Praveen and Rexford, Jennifer and Walker, David},
title = {{Incremental Consistent Updates}},
booktitle = {HotSDN},
year = {2013}
}

@inproceedings{mirza2007machine,
title={{A Machine Learning Approach to TCP Throughput Prediction}},
author={Mirza, Mariyam and Sommers, Joel and Barford, Paul and Zhu, Xiaojin},
booktitle={SIGMETRICS},
year={2007}
}

@inproceedings{andypavlo-rbsm,
title={{Automatic Database Management System Tuning Through Large-scale Machine Learning}},
author={Van Aken, Dana and Pavlo, Andrew and Gordon, Geoffrey J and Zhang, Bohan},
booktitle={ICDM}
year={2017}
}

@misc{youtube-stats-2,
title = {{How many servers does youtube}},
howpublished={\url{https://atkinsbookshelf.wordpress.com/tag/how-many-servers-does-youtube/}}
}

@inproceedings{balachandran2013analyzing,
title={{Analyzing the Potential Benefits of CDN Augmentation Strategies for Internet Video Workloads}},
author={Balachandran, Athula and Sekar, Vyas and Akella, Aditya and Seshan, Srinivasan},
booktitle={IMC},
year={2013}
}

@inproceedings{iplaneosdi,
title={{iPlane: An Information Plane for Distributed Services}},
author={Madhyastha, Harsha V and Isdal, Tomas and Piatek, Michael and Dixon, Colin and Anderson, Thomas and Krishnamurthy, Arvind and Venkataramani, Arun},
booktitle={OSDI},
year={2006}
}

@inproceedings{cs2p,
title="{CS2P: Improving Video Bitrate Selection and Adaptation with Data-Driven Throughput Prediction}",
author={Sun, Yi and Yin, Xiaoqi and Jiang, Junchen and Sekar, Vyas and Lin, Fuyuan and Wang, Nanshu and Liu, Tao and Sinopoli, Bruno},
booktitle={SIGCOMM},
year={2016}
}

@article{feamster2014road,
title={The road to SDN: an intellectual history of programmable networks},
author={Feamster, Nick and Rexford, Jennifer and Zegura, Ellen},
journal={ACM SIGCOMM CCR},
volume={44},
number={2},
pages={87--98},
year={2014}
}

@inproceedings{imc2012-firstbyte,
author = {Halepovic, Emir and Pang, Jeffrey and Spatscheck, Oliver},
title = {{Can You GET Me Now?: Estimating the Time-to-first-byte of HTTP Transactions with Passive Measurements}},
booktitle = {IMC},
year = {2012}
}

@article{shah2016sam,
title={{SAM: Support Vector Machine Based Active Queue Management}},
author={Shah, Muhammad Saleh and Wagan, Asim Imdad and Unar, Mukhtiar Ali},
journal={arXiv preprint arXiv:1604.00557},
year={2016}
}

@article{cole,
title="{Voice over IP Performance Monitoring}",
author={Cole, Robert G and Rosenbluth, Joshua H},
journal={ACM SIGCOMM CCR},
volume={31},
number={2},
pages={9--24},
year={2001}
}

@misc{dash-standard,
title = {Overview of MPEG-DASH Standard},
howpublished = {\url{http://dashif.org/mpeg-dash/}}
}

@inproceedings{cherrypick,
title={{CherryPick: Adaptively Unearthing the Best Cloud Configurations for Big Data Analytics}},
author={Alipourfard, Omid and Liu, Hongqiang Harry and Chen, Jianshu and Venkataraman, Shivaram and Yu, Minlan and Zhang, Ming},
booktitle={NSDI},
year={2017}
}

@inproceedings{pcc,
title={{PCC: Re-Architecting Congestion Control for Consistent High Performance}},
author={Dong, Mo and Li, Qingxi and Zarchy, Doron and Godfrey, P Brighten and Schapira, Michael},
booktitle={NSDI},
year={2015}
}

@inproceedings{spand,
title={{A Network Measurement Architecture for Adaptive Applications}},
author={Stemm, Mark and Katz, Randy and Seshan, Srinivasan},
booktitle={INFOCOM},
year={2000}
}

@article{nox,
title={{NOX: Towards an Operating System for Networks}},
author={Gude, Natasha and Koponen, Teemu and Pettit, Justin and Pfaff, Ben and Casado, Mart{\'\i}n and McKeown, Nick and Shenker, Scott},
journal={ACM SIGCOMM CCR},
volume={38},
number={3},
pages={105--110},
year={2008}
}

@misc{quova,
title = {Quova},
howpublished = {\url{http://developer.quova.com/}}
}

@article{googleinitwindow,
title = {{An Argument for Increasing TCP's Initial Congestion Window}},
author  = {Nandita Dukkipati and Tiziana Refice and Yuchung Cheng and Jerry Chu and Tom Herbert and Amit Agarwal and Arvind Jain and Natalia Sutin},
journal={ACM SIGCOMM CCR},
volume={40},
number={3},
pages={26--33},
year={2010}
}

@inproceedings{graphx,
title={{GraphX: Graph Processing in a Distributed Dataflow Framework}},
author={Gonzalez, Joseph E and Xin, Reynold S and Dave, Ankur and Crankshaw, Daniel and Franklin, Michael J and Stoica, Ion},
booktitle={OSDI},
year={2014}
}

@inproceedings{avq,
title={{Analysis and Design of an Adaptive Virtual Queue (AVQ) Algorithm for Active Queue Management}},
author={Kunniyur, Srisankar and Srikant, Rayadurgam},
booktitle={ACM SIGCOMM CCR},
volume={31},
number={4},
pages={123--134},
year={2001}
}

@misc{skype-2-billion-minutes,
title = {{Skype Users Hit 2 Billion Minutes A Day Milestone}},
howpublished={\url{http://www.silicon.co.uk/workspace/skype-users-2-billion-minutes-112054}}
}

@inproceedings{nossdav12_akhshabi,
title  = {{What Happens when HTTP Adaptive Streaming Players Compete for Bandwidth?}},
author = {Saamer Akhshabi and  Lakshmi Anantakrishnan and  Constantine Dovrolis and  Ali C. Begen},
booktitle = {NOSSDAV},
year = {2012}
}

@inproceedings{RON-SOSP01,
title="{Resilient Overlay Networks}",
author={David G. Andersen and Hari Balakrishnan and M. Frans Kaashoek and Robert Morris},
booktitle={SOSP},
year={2001}
}

@inproceedings{savage1999case,
title={{The Case for Informed Transport Protocols}},
author={Savage, Stefan and Cardwell, Neal and Anderson, Tom},
booktitle={HotOS},
year={1999}
}

@inproceedings{cao2015top,
title={{On Top-K Selection in Multi-Armed Bandits and Hidden Bipartite Graphs}},
author={Cao, Wei and Li, Jian and Tao, Yufei and Li, Zhize},
booktitle={NIPS},
year={2015}
}

@article{cubic,
title={{CUBIC: A New TCP-Friendly High-Speed TCP Variant}},
author={Ha, Sangtae and Rhee, Injong and Xu, Lisong},
journal={ACM SIGOPS Operating Systems Review},
volume={42},
number={5},
pages={64--74},
year={2008}
}

@article{xcp,
title={{Congestion Control for High Bandwidth-Delay Product Networks}},
author={Katabi, Dina and Handley, Mark and Rohrs, Charlie},
journal={ACM SIGCOMM CCR},
volume={32},
number={4},
pages={89--102},
year={2002}
}

@inproceedings{drago2012inside,
title={{Inside Dropbox: Understanding Personal Cloud Storage Services}},
author={Drago, Idilio and Mellia, Marco and M Munafo, Maurizio and Sperotto, Anna and Sadre, Ramin and Pras, Aiko},
booktitle={IMC},
year={2012}
}

@inproceedings{sivaraman2016programmable,
title={{Programmable Packet Scheduling at Line Rate}},
author={Sivaraman, Anirudh and Subramanian, Suvinay and Alizadeh, Mohammad and Chole, Sharad and Chuang, Shang-Tse and Agrawal, Anurag and Balakrishnan, Hari and Edsall, Tom and Katti, Sachin and McKeown, Nick},
booktitle={SIGCOMM},
year={2016}
}

@inproceedings{su2006drafting,
title={{Drafting Behind Akamai (Travelocity-Based Detouring)}},
author={Su, Ao-Jan and Choffnes, David R and Kuzmanovic, Aleksandar and Bustamante, Fabi{\'a}n E},
booktitle={ACM SIGCOMM CCR},
volume={36},
number={4},
pages={435--446},
year={2006}
}

@misc{fcc-methodology,
title = {{2014 Measuring Broadband America Report Technical Appendix}},
howpublished = "{\url{http://data.fcc.gov/download/measuring-broadband-america/2014/Technical-Appendix-fixed-2014.pdf}}",
}

@inproceedings{tariq2008answering,
title={{Answering What-If Deployment and Configuration Questions with WISE}},
author={Tariq, Mukarram and Zeitoun, Amgad and Valancius, Vytautas and Feamster, Nick and Ammar, Mostafa},
booktitle={ACM SIGCOMM CCR},
volume={38},
number={4},
pages={99--110},
year={2008}
}

@inproceedings{footprint,
title={{Efficiently Delivering Online Services over Integrated Infrastructure}},
author={Liu, Hongqiang Harry and Viswanathan, Raajay and Calder, Matt and Akella, Aditya and Mahajan, Ratul and Padhye, Jitendra and Zhang, Ming},
booktitle={NSDI},
year={2016}
}

@misc{cisco-forecast-2015,
title = {{White paper: Cisco VNI Forecast and Methodology, 2015-2020}},
howpublished={\url{http://www.cisco.com/c/en/us/solutions/collateral/service-provider/visual-networking-index-vni/complete-white-paper-c11-481360.html}}
}

@misc{hds,
title = {{Adobe HTTP Dynamic Streaming}},
howpublished = {\url{www.adobe.com/products/hds-dynamic-streaming.html}}
}

@inproceedings{sigmetrics2014-correlation,
author = {Shafiq, Muhammad Zubair and Erman, Jeffrey and Ji, Lusheng and Liu, Alex X. and Pang, Jeffrey and Wang, Jia},
title = {{Understanding the Impact of Network Dynamics on Mobile Video User Engagement}},
booktitle = {SIGMETRICS}
year={2014}
}

@inproceedings{suresh2015c3,
title={{C3: Cutting Tail Latency in Cloud Data Stores via Adaptive Replica Selection}},
author={Suresh, Lalith and Canini, Marco and Schmid, Stefan and Feldmann, Anja},
booktitle={NSDI},
year={2015}
}

@inproceedings{zhang2001constancy,
title={On the constancy of Internet path properties},
author={Zhang, Yin and Duffield, Nick},
booktitle={SIGCOMM Workshop on Internet Measurement},
year={2001}
}

@inproceedings{sdndash,
title={{SDNDASH: Improving QoE of HTTP Adaptive Streaming Using Software Defined Networking}},
author={Bentaleb, Abdelhak and Begen, Ali C and Zimmermann, Roger},
booktitle={ACM Multimedia}
year={2016}
}

@inproceedings{jiang2013shedding,
title={{Shedding Light on the Structure of Internet Video Quality Problems in the Wild}},
author={Jiang, Junchen and Sekar, Vyas and Stoica, Ion and Zhang, Hui},
booktitle={CoNEXT},
year={2013}
}

@inproceedings{hu2005measurement,
title={{A Measurement Study of Internet Bottlenecks}},
author={Hu, Ningning and Li, Li and Mao, Zhuoqing Morley and Steenkiste, Peter and Wang, Jia},
booktitle={INFOCOM},
year={2005}
}

@inproceedings{videoqoe,
title = {{Inferring the QoE of HTTP Video Streaming from User-Viewing Activities }},
author = {Ricky K. P. Mok and  Edmond W. W. Chan and  Xiapu Luo and  Rocky K. C. Chang},
booktitle = {SIGCOMM W-MUST},
year= {2011}
}

@inproceedings{aggarwal2014prometheus,
title={{Prometheus: Toward Quality-Of-Experience Estimation for Mobile Apps from Passive Network Measurements}},
author={Aggarwal, Vaneet and Halepovic, Emir and Pang, Jeffrey and Venkataraman, Shobha and Yan, He},
booktitle={MobiCom},
year={2014}
}

@inproceedings{csfq,
title={{Core-Stateless Fair Queueing: Achieving Approximately Fair Bandwidth Allocations in High Speed Networks}},
author={Stoica, Ion and Shenker, Scott and Zhang, Hui},
booktitle = {SIGCOMM},
year = {1998}
}

@inproceedings{yin2014toward,
title={{Toward a Principled Framework to Design Dynamic Adaptive Streaming Algorithms over HTTP}},
author={Yin, Xiaoqi and Sekar, Vyas and Sinopoli, Bruno},
booktitle={HotNets},
year={2014}
}

@misc{Skype-Zdnet13,
title = "{Microsoft: Skype runs on Windows Azure; SkyDrive up next}",
howpublished = "{\url{http://www.zdnet.com/article/microsoft-skype-runs-on-windows-azure-skydrive-up-next/}}",
}

@misc{informationgain,
title = {{Information Gain}},
howpublished = "{\url{http://www.autonlab.org/tutorials/infogain11.pdf}}",
}

@inproceedings{SkypeMeasurement-IPTPS07,
title="{A Measurement-based Study of the Skype Peer-to-Peer VoIP Performance}",
author={Xie, Haiyong and Yang, Yang Richard},
booktitle = {IPTPS},
year = {2012}
}

@inproceedings{sivaraman2016packet,
title={{Packet Transactions: High-Level Programming for Line-Rate Switches}},
author={Sivaraman, Anirudh and Cheung, Alvin and Budiu, Mihai and Kim, Changhoon and Alizadeh, Mohammad and Balakrishnan, Hari and Varghese, George and McKeown, Nick and Licking, Steve},
booktitle={SIGCOMM},
year={2016}
}

@article{seufert2015survey,
title={{A Survey on Quality of Experience of HTTP Adaptive Streaming}},
author={Seufert, Michael and Egger, Sebastian and Slanina, Martin and Zinner, Thomas and Hobfeld, Tobias and Tran-Gia, Phuoc},
journal={IEEE Communications Surveys \& Tutorials},
volume={17},
number={1},
pages={469--492},
year={2015}
}

@misc{workshop-fhmn,
title = {{The ACM SIGCOMM 2013 Workshop on Future Human-Centric Multimedia Networking (FhMN 2013)}},
howpublished={\url{http://conferences.sigcomm.org/sigcomm/2013/fhmn.php}}
}

@inproceedings{linucb,
title={{A Contextual-Bandit Approach to Personalized News Article Recommendation}},
author={Li, Lihong and Chu, Wei and Langford, John and Schapire, Robert E},
booktitle={WWW},
year={2010}
}

@article{peterson2013framework,
title={{Framework for CDN Interconnection}},
author={Peterson, Larry and Davie, Bruce},
year={2013},
howpublished = {\url{/http://tools.ietf.org/html/draft-ietf-cdni-framework-03/}}
}

@inproceedings{remy,
title={{TCP ex Machina: Computer-Generated Congestion Control}},
author={Winstein, Keith and Balakrishnan, Hari},
booktitle={SIGCOMM},
year={2013}
}

@article{UCB1,
title={{Finite-Time Analysis of the Multiarmed Bandit Problem}},
author={Auer, Peter and Cesa-Bianchi, Nicolo and Fischer, Paul},
journal={Machine Learning},
volume={47},
number={2-3},
pages={235--256},
year={2002},
publisher={Springer}
}

@misc{httpd,
title = {{Apache HTTP Server Project}},
howpublished={\url{https://httpd.apache.org/}}
}

@misc{sigcomm-qoe-workshop,
title = {{The ACM SIGCOMM Workshop on QoE-based Analysis and Management of Data Communication Networks (Internet-QoE 2016)}},
howpublished={\url{http://conferences.sigcomm.org/sigcomm/2016/qoe.php}}
}

@inproceedings{Padmanabhan-Sigcomm00,
author = {Padmanabhan, Venkata N. and Qiu, Lili},
title = "{The Content and Access Dynamics of a Busy Web Site: Findings and Implications}",
booktitle = {SIGCOMM},
year = {2000}
}

@article{tcp-hybla,
title={{TCP Hybla: A TCP Enhancement for Heterogeneous Networks}},
author={Caini, Carlo and Firrincieli, Rosario},
journal={International Journal of Satellite Communications and Networking},
volume={22},
number={5},
pages={547--566},
year={2004},
publisher={Wiley Online Library}
}

@inproceedings{active-network,
title={{Towards an Active Network Architecture}},
author={Tennenhouse, David L and Wetherall, David J},
booktitle={DARPA Active Networks Conference and Exposition},
year={2002}
}

@misc{cisco-voip,
title = "{Quality of Service for Voice over IP}",
howpublished = "{\url{http://www.cisco.com/c/en/us/td/docs/ios/solutions_docs/qos_solutions/QoSVoIP/QoSVoIP.pdf}}",
}

@misc{kafka,
title = {{Apache Kafka}},
howpublished={\url{https://kafka.apache.org/}}
}

@inproceedings{dixit2013towards,
title={{Towards an Elastic Distributed Sdn Controller}},
author={Dixit, Advait and Hao, Fang and Mukherjee, Sarit and Lakshman, TV and Kompella, Ramana},
booktitle={HotSDN},
year={2013}
}

@inproceedings{schapira2010putting,
title={{Putting BGP on the Right Path: A Case for Next-Hop Routing}},
author={Schapira, Michael and Zhu, Yaping and Rexford, Jennifer},
booktitle={HotNets},
year={2013}
}

@article{miller2015low,
title={{Low-Delay Adaptive Video Streaming Based on Short-Term TCP Throughput Prediction}},
author={Miller, Konstantin and Al-Tamimi, Abdel-Karim and Wolisz, Adam},
journal={arXiv preprint arXiv:1503.02955},
year={2015}
}

@inproceedings{de2008skype,
title={{Skype Video Responsiveness to Bandwidth Variations}},
author={De Cicco, Luca and Mascolo, Saverio and Palmisano, Vittorio},
booktitle={NOSSDAV},
year={2008}
}

@article{tcp-compound,
title={{Compound TCP: A Scalable and TCP-Friendly Congestion Control for High-Speed Networks}},
author={Song, Kun Tan Jingmin and Zhang, Q and Sridharan, M},
journal={PFLDnet},
year={2006}
}

@misc{fcc-2014,
title = {{Measuring Broadband America 2014}},
howpublished = "{\url{https://www.fcc.gov/measuring-broadband-america/2014/validated-data-fixed-2014}}",
}

@inproceedings{mmsys2011cisco,
title={{An Experimental Evaluation of Rate-Adaptation Algorithms in Adaptive Streaming over HTTP}},
author={Akhshabi, Saamer and Begen, Ali C and Dovrolis, Constantine},
booktitle={ACM MMSys},
year={2011}
}

@article{austin2011introduction,
title={{An Introduction to Propensity Score Methods for Reducing the Effects of Confounding in Observational Studies}},
author={Austin, Peter C},
journal={Multivariate Behavioral Research},
volume={46},
number={3},
pages={399--424},
year={2011},
publisher={Taylor \& Francis}
}

@article{de2010experimental,
title={{An Experimental Investigation of the Akamai Adaptive Video Streaming}},
author={De Cicco, Luca and Mascolo, Saverio},
journal={HCI in Work and Learning, Life and Leisure},
pages={447--464},
year={2010},
publisher={Springer}
}

@article{mab,
title={{On the Gittins Index for Multiarmed Bandits}},
author={Weber, Richard},
journal={The Annals of Applied Probability},
pages={1024--1033},
year={1992},
publisher={JSTOR}
}

@misc{rtmp,
title = {{Real-Time Messaging Protocol}},
howpublished = {\url{www.adobe.com/devnet/rtmp.html}}
}

@inproceedings{GNP-Infocom02,
title="{Predicting Internet Network Distance with Coordinates-based Approaches}",
author={Ng, TS Eugene and Zhang, Hui},
booktitle={INFOCOM},
year={2002}
}

@inproceedings{regressogram-ucb,
title={{Nonparametric Bandits with Covariates}},
author={Rigollet, Philippe and Zeevi, Assaf},
booktitle={Conference on Learning Theory},
year={2010}
}

@inproceedings{hu2004locating,
title={{Locating Internet Bottlenecks: Algorithms, Measurements, and Implications}},
author={Hu, Ningning and Li, Li Erran and Mao, Zhuoqing Morley and Steenkiste, Peter and Wang, Jia},
booktitle={SIGCOMM},
year={2004}
}

@inproceedings{agarwal2014taming,
title={{Taming the Monster: A Fast and Simple Algorithm for Contextual Bandits}},
author={Agarwal, Alekh and Hsu, Daniel and Kale, Satyen and Langford, John and Li, Lihong and Schapire, Robert},
booktitle={ICML}
year={2014}
}

@inproceedings{sigcomm13athula,
title={{Developing a Predictive Model of Quality of Experience for Internet Video}},
author={Balachandran, Athula and Sekar, Vyas and Akella, Aditya and Seshan, Srinivasan and Stoica, Ion and Zhang, Hui},
booktitle={SIGCOMM},
year={2013}
}

@inproceedings{vellido2012making,
title={{Making Machine Learning Models Interpretable}},
author={Vellido, Alfredo and Martin-Guerroro, JD and Lisboa, P},
booktitle={European Symposium on Artificial Neural Networks, Computational Intelligence and Machine Learning (ESANN). Bruges, Belgium},
year={2012}
}

@article{vcp,
title={{One More Bit is Enough}},
author={Xia, Yong and Subramanian, Lakshminarayanan and Stoica, Ion and Kalyanaraman, Shivkumar},
journal={ACM SIGCOMM CCR},
volume={35},
number={4},
pages={37--48},
year={2005}
}

@inproceedings{hulu,
author = {Vijay Kumar Adhikari and  Yang Guo and  Fang Hao and Volker Hilt and and Zhi-Li Zhang},
title = {{ A Tale of Three CDNs: An Active Measurement Study of Hulu and Its CDNs}},
booktitle = { IEEE Global Internet Symposium},
year= 2012
}

@inproceedings{butkiewicz2015klotski,
title={{Klotski: Reprioritizing Web Content to Improve User Experience on Mobile Devices}},
author={Butkiewicz, Michael and Wang, Daimeng and Wu, Zhe and Madhyastha, Harsha V and Sekar, Vyas},
booktitle={NSDI},
year={2015}
}

@inproceedings{infonomics,
title={{Infonomics: The Economics of Information and Principles of Information Asset Management}},
author={Laney, Doug},
booktitle={The Fifth MIT Information Quality Industry Symposium. Cambridge},
year={2011}
}

@inproceedings{bao2015data,
title={{Data-Guided Approach for Learning and Improving User Experience in Computer Networks}},
author={Bao, Yanan and Liu, Xin and Pande, Amit},
booktitle={Asian Conference on Machine Learning},
year={2015}
}

@inproceedings{swany2002multivariate,
title={{Multivariate Resource Performance Forecasting in the Network Weather Service}},
author={Swany, Martin and Wolski, Rich},
booktitle={ACM/IEEE Conference on Supercomputing},
year={2002}
}

@article{esm,
title={{A Case for End System Multicast}},
author={Chu, Yang-hua and Rao, Sanjay G and Seshan, Srinivasan and Zhang, Hui},
journal={IEEE JSAC},
volume={20},
number={8},
pages={1456--1471},
year={2002}
}

@article{alsheikh2014machine,
title={{Machine Learning in Wireless Sensor Networks: Algorithms, Strategies, and Applications}},
author={Alsheikh, Mohammad Abu and Lin, Shaowei and Niyato, Dusit and Tan, Hwee-Pink},
journal={IEEE Communications Surveys \& Tutorials},
volume={16},
number={4},
pages={1996--2018},
year={2014}
}

@inproceedings{panda2013cap,
title={{CAP for Networks}},
author={Panda, Aurojit and Scott, Colin and Ghodsi, Ali and Koponen, Teemu and Shenker, Scott},
booktitle={HotSDN},
year={2013}
}

@inproceedings{velox-cidr,
title={{The Missing Piece in Complex Analytics: Low Latency, Scalable Model Management and Serving with Velox}},
author={Crankshaw, Daniel and Bailis, Peter and Gonzalez, Joseph E and Li, Haoyuan and Zhang, Zhao and Franklin, Michael J and Ghodsi, Ali and Jordan, Michael I},
booktitle={CIDR},
year={2015}
}

@article{he2005predictability,
title={{On the Predictability of Large Transfer TCP Throughput}},
author={He, Qi and Dovrolis, Constantine and Ammar, Mostafa},
journal={ACM SIGCOMM CCR},
volume={35},
number={4},
pages={145--156},
year={2005}
}

@article{panda,
title={{Probe and Adapt: Rate Adaptation for HTTP Video Streaming at Scale}},
author={Li, Zhi and Zhu, Xiaoqing and Gahm, Joshua and Pan, Rong and Hu, Hao and Begen, Ali C and Oran, David},
journal={IEEE JSAC},
volume={32},
number={4},
pages={719--733},
year={2014}
}

@inproceedings{plissonneau2012longitudinal,
title={{A Longitudinal View of HTTP Video Streaming Performance}},
author={Plissonneau, Louis and Biersack, Ernst},
booktitle={MMSys},
year = 2012
}

@misc{youtube-bitrates,
title = {{Recommended Upload Encoding Settings}},
howpublished = "{\url{https://support.google.com/youtube/answer/1722171?hl=en}}",
}

@article{openflow,
title={{OpenFlow: Enabling Innovation in Campus Networks}},
author={McKeown, Nick and Anderson, Tom and Balakrishnan, Hari and Parulkar, Guru and Peterson, Larry and Rexford, Jennifer and Shenker, Scott and Turner, Jonathan},
journal={ACM SIGCOMM CCR},
volume={38},
number={2},
pages={69--74},
year={2008}
}

@inproceedings{confused,
author = {Te-Yuan Huang and Nikhil Handigol and Brandon Heller and Nick McKeown and Ramesh Johari},
title = {{Confused, Timid, and Unstable: Picking a Video Streaming Rate is Hard}},
booktitle = {IMC},
year= {2012}
}

@article{ecn,
title={{TCP and Explicit Congestion Notification}},
author={Floyd, Sally},
journal={ACM SIGCOMM CCR},
volume={24},
number={5},
pages={8--23},
year={1994}
}

@article{discounteducb,
title={{On Upper-Confidence Bound Policies for Non-Stationary Bandit Problems}},
author={Garivier, Aur{\'e}lien and Moulines, Eric},
journal={arXiv preprint arXiv:0805.3415},
year={2008}
}

@inproceedings{qscore,
title = {{Q-score: Proactive Service Quality Assessment in a Large IPTV System}},
author = {Han Hee Song and  Zihui Ge  and  Ajay Mahimkar and  Jia Wang and   Jennifer Yates and
Yin Zhang and  Andrea Basso and  Min Chen },
booktitle = {IMC},
year ={2011}
}

@inproceedings{beijing-imc09,
title={{Inside the bird's nest: measurements of large-scale live VoD from the 2008 olympics}},
author={Yin, Hao and Liu, Xuening and Qiu, Feng and Xia, Ning and Lin, Chuang and Zhang, Hui and Sekar, Vyas and Min, Geyong},
booktitle={IMC},
year={2009}
}

@misc{conviva,
title = {{Conviva Inc.}},
howpublished = "{\url{http://www.conviva.com/}}"
}

@misc{workshop-qoe,
title = {{The ACM SIGCOMM Workshop on QoE-based Analysis and Management of Data Communication Networks (Internet-QoE 2016)}},
howpublished={\url{http://conferences.sigcomm.org/sigcomm/2016/qoe.php}}
}

@inproceedings{demers1989analysis,
title={{Analysis and Simulation of a Fair Queueing Algorithm}},
author={Demers, Alan and Keshav, Srinivasan and Shenker, Scott},
booktitle={SIGCOMM},
year={1989}
}

@inproceedings{strauss2003measurement,
title={{A Measurement Study of Available Bandwidth Estimation Tools}},
author={Strauss, Jacob and Katabi, Dina and Kaashoek, Frans},
booktitle={SIGCOMM Conference on Internet Measurement},
year={2003}
}

@misc{quicktime,
title = {{Apple QuickTime}},
howpublished = {\url{www.apple.com/quicktime/download/}}
}

@inproceedings{yu2012tradeoffs,
title={{Tradeoffs in CDN Designs for Throughput Oriented Traffic}},
author={Yu, Minlan and Jiang, Wenjie and Li, Haoyuan and Stoica, Ion},
booktitle={CoNEXT},
year={2012}
}

@inproceedings{Streaming-Usits01,
author={Chesire, Maureen and Wolman, Alec and Voelker, Geoffrey M and Levy, Henry M},
title="{Measurement and Analysis of a Streaming Media Workload}",
booktitle = {USENIX USITS},
year = 2001
}

@article{mdl,
title={{A Universal Prior for Integers and Estimation by Minimum Description Length}},
author={Rissanen, Jorma},
journal={The Annals of Statistics},
pages={416--431},
year={1983},
publisher={JSTOR}
}

@article{codel,
title={{Controlling Queue Delay}},
author={Nichols, Kathleen and Jacobson, Van},
journal={Communications of the ACM},
volume={55},
number={7},
pages={42--50},
year={2012}
}

@misc{akamaihd,
title = {{Akamai HD Adaptive Streaming}},
howpublished = {\url{http://wwwns.akamai.com/hdnetwork/demo/index.html}}
}

@article{dash,
title={{The Mpeg-Dash Standard for Multimedia Streaming over the Internet}},
author={Sodagar, Iraj},
journal={IEEE MultiMedia},
volume={18},
number={4},
pages={62--67},
year={2011}
}

@inproceedings{VideoTelephony-IMC12,
title="{Video Telephony for End-consumers: Measurement Study of Google+, iChat, and Skype}",
author={Yang Xu and Chenguang Yu and Jingjiang Li and Yong Liu},
booktitle={IMC},
year={2012}
}

@article{terrell1992variable,
title={{Variable Kernel Density Estimation}},
author={Terrell, George R and Scott, David W},
journal={The Annals of Statistics},
pages={1236--1265},
year={1992},
publisher={JSTOR}
}

@book{ml101,
title={{Pattern Recognition and Machine Learning}},
author={Bishop, Christopher M},
year={2006},
publisher={Springer}
}

@article{feature-selection,
title={{Pattern Recognition and Machine Learning}},
author={Guyon, Isabelle and Elisseeff, Andr{\'e}},
journal={The Journal of Machine Learning Research},
volume={3},
pages={1157--1182},
year={2003}
}

@inproceedings{sigcomm12,
author = {Liu, Xi and Dobrian, Florin and Milner, Henry and Jiang, Junchen and Sekar, Vyas and Stoica, Ion and Zhang, Hui},
title  = {{A Case for a Coordinated Internet Video Control Plane}},
booktitle = {SIGCOMM},
year = {2012}
}

@inproceedings{Skype-GI08,
title="{Skype Relay Calls: Measurements and Experiments}",
author={Wookyun Kho and Salman Abdul Baset and Henning Schulzrinne},
booktitle={INFOCOM Global Internet Workshop},
year={2008}
}

@inproceedings{bayesian-optimization,
title={{BOA: The Bayesian optimization algorithm}},
author={Pelikan, Martin and Goldberg, David E and Cant{\'u}-Paz, Erick},
booktitle={Annual Conference on Genetic and Evolutionary Computation},
year={1999},
organization={Morgan Kaufmann Publishers Inc.}
}

@inproceedings{sigcomm11,
author = {Florin Dobrian and  Vyas Sekar and  Asad Awan and  Ion Stoica and  Dilip Antony Joseph and  Aditya Ganjam and  Jibin Zhan and  Hui Zhang},
title  = {{Understanding the Impact of Video Quality on User Engagement}},
booktitle = {SIGCOMM},
year = {2011}
}

@inproceedings{vazhkudai2001predicting,
title={Predicting the performance of wide area data transfers},
author={Vazhkudai, Sudharshan and Schopf, Jennifer M and Foster, Ian},
booktitle={IPDPS},
year={2001}
}

@inproceedings{wang2014speedy,
title={{How Speedy is SPDY}},
author={Wang, Xiao Sophia and Balasubramanian, Aruna and Krishnamurthy, Arvind and Wetherall, David},
booktitle={NSDI},
year={2014}
}

@inproceedings{SkypeQoE-Multimedia12,
author = {Chien-Nan Chen and Cing-Yu Chu and Su-Ling Yeh and Hao-hua Chu and Polly Huang},
title = "{Modeling the QoE of Rate Changes in Skype/SILK VoIP Calls}",
booktitle = {ACM Multimedia},
year = {2012}
}

@inproceedings{bhagwan2014adtributor,
title={{Adtributor: Revenue Debugging in Advertising Systems}},
author={Bhagwan, Ranjita and Kumar, Rahul and Ramjee, Ramachandran and Varghese, George and Mohapatra, Surjyakanta and Manoharan, Hemanth and Shah, Piyush},
booktitle={NSDI},
year={2014}
}

@misc{sparkstreaming,
title = {{Apache Spark Streaming}},
howpublished={\url{http://spark.apache.org/streaming/}}
}

@inproceedings{yin2015control,
title={{A Control-Theoretic Approach for Dynamic Adaptive Video Streaming over HTTP}},
author={Yin, Xiaoqi and Jindal, Abhishek and Sekar, Vyas and Sinopoli, Bruno},
booktitle = {SIGCOMM},
year={2015}
}

@inproceedings{li2011unbiased,
title={{Unbiased Offline Evaluation of Contextual-Bandit-Based News Article Recommendation Algorithms}},
author={Li, Lihong and Chu, Wei and Langford, John and Wang, Xuanhui},
booktitle={ACM WSDM},
year={2011}
}

@techreport{diffserv,
title={{An Architecture for Differentiated Services}},
author={Blake, Steven and Black, David and Carlson, Mark and Davies, Elwyn and Wang, Zheng and Weiss, Walter},
year={1998},
institution={RFC 2475}
}

@inproceedings{rewan-hotnets2015,
title="{Leveraging the Power of Cloud for Reliable Wide Area Communication}",
author={Haq, Osama and Dogar, Fahad R},
booktitle={HotNets},
year={2015}
}

@article{dda,
title={{DDA: Cross-Session Throughput Prediction with Applications to Video Bitrate Selection}},
author={Jiang, Junchen and Sekar, Vyas and Sun, Yi},
journal={arXiv preprint arXiv:1505.02056},
year={2015}
}

@inproceedings{sprout,
title={{Stochastic Forecasts Achieve High Throughput and Low Delay over Cellular Networks}},
author={Winstein, Keith and Sivaraman, Anirudh and Balakrishnan, Hari},
booktitle={NSDI},
year={2013}
}

@inproceedings{zhang2017live,
title={{Live Video Analytics at Scale with Approximation and Delay-Tolerance}},
author={Zhang, Haoyu and Ananthanarayanan, Ganesh and Bodik, Peter and Philipose, Matthai and Bahl, Paramvir and Freedman, Michael J},
booktitle={NSDI},
year={2017}
}

@article{sharma2017machine,
title={{A Machine Learning-Based Protocol for Efficient Routing in Opportunistic Networks}},
author={Sharma, Deepak K and Dhurandher, Sanjay K and Woungang, Isaac and Srivastava, Rohit K and Mohananey, Anhad and Rodrigues, Joel JPC},
journal={IEEE Systems Journal},
year={2017}
}

@inproceedings{festive,
title = {{Improving Fairness, Efficiency, and Stability in HTTP-Based Adaptive Streaming with Festive }},
author = { Junchen Jiang and  Vyas Sekar and Hui Zhang},
booktitle = {CoNEXT},
year={2012}
}

@inproceedings{alizadeh2010data,
title={{Data Center TCP (DCTCP)}},
author={Alizadeh, Mohammad and Greenberg, Albert and Maltz, David A and Padhye, Jitendra and Patel, Parveen and Prabhakar, Balaji and Sengupta, Sudipta and Sridharan, Murari},
booktitle={ACM SIGCOMM CCR},
volume={40},
number={4},
pages={63--74},
year={2010}
}

@inproceedings{jain2005end,
title={{End-To-End Estimation of the Available Bandwidth Variation Range}},
author={Jain, Manish and Dovrolis, Constantinos},
booktitle={SIGMETRICS},
year={2005}
}

@misc{hls,
author = {{R. Pantos}},
title = {{ Http live streaming}},
howpublished = { Mar. 2011. IEFT Draft}
}

@misc{ddn-source,
title = {{Source code of Pytheas}},
howpublished={\url{https://github.com/nsdi2017-ddn/ddn}}
}

@inproceedings{balakrishnan1999integrated,
title={{An Integrated Congestion Management Architecture for Internet Hosts}},
author={Balakrishnan, Hari and Rahul, Hariharan S and Seshan, Srinivasan},
booktitle={ACM SIGCOMM CCR},
volume={29},
number={4},
pages={175--187},
year={1999}
}

@inproceedings{prasad2003bandwidth,
title={{Bandwidth Estimation: Metrics, Measurement Techniques, and Tools}},
author={Prasad, Ravi and Dovrolis, Constantinos and Murray, Margaret and Claffy, KC},
booktitle={IEEE Network},
year={2003}
}

@inproceedings{youtubecdn,
title = {{Dissecting Video Server Selection Strategies in the YouTube CDN}},
author = { Ruben Torres and  Alessandro Finamore and  Jin Ryong Kim and  Marco Mellia and  Maurizio M. Munafo and Sanjay Rao},
booktitle = {ICDCS},
year = {2011}
}


@inproceedings{eona,
title={{EONA: Experience-Oriented Network Architecture}},
author={Jiang, Junchen and Liu, Xi and Sekar, Vyas and Stoica, Ion and Zhang, Hui},
booktitle={HotNets},
year={2014}
}

@misc{artizanetworks,
title = {{Artiza Networks}},
howpublished = "{\url{http://www.artizanetworks.com/}}"
}

@article{user-adaptive,
title = {{User Perception of Adapting Video Quality}},
author = {Nicola Cranley and Philip Perry and Liam Murphy},
journal  = {International Journal of Human-Computer Studies},
year  = {2006},
volume = {64},
number = {8}
}

@inproceedings{httpwaist,
title = {{HTTP as the narrow waist of the future internet}},
author = {Lucian Popa and Ali Ghodsi and Ion Stoica},
booktitle = {HotNets},
year= {2010}
}

@inproceedings{ddn-comsnet,
title={Unleashing the Potential of Data-Driven Networking},
author={Jiang, Junchen and Sekar, Vyas and Stoica, Ion and Zhang, Hui},
booktitle={COMSNET},
year={2017}
}

@article{chen2015qos,
title={{From QoS to QoE: A Tutorial on Video Quality Assessment}},
author={Chen, Yanjiao and Wu, Kaishun and Zhang, Qian},
journal={IEEE Communications Surveys \& Tutorials},
volume={17},
number={2},
pages={1126--1165},
year={2015}
}

@inproceedings{chen2015prism,
title={{PRISM: Private Retrieval of the Internetâ€™s Sensitive Metadata}},
author={Chen, Ang and Haeberlen, Andreas},
booktitle={CSET},
year={2015}
}

@inproceedings{papadimitriou2017dstress,
title={{DStress: Efficient Differentially Private Computations on Distributed Data}},
author={Papadimitriou, Antonis and Narayan, Arjun and Haeberlen, Andreas},
booktitle={EuroSys},
year={2017}
}
