@misc{cisco-forecast-2015,
title = {{White paper: Cisco VNI Forecast and Methodology, 2015-2020}},
howpublished={\url{http://www.cisco.com/c/en/us/solutions/collateral/service-provider/visual-networking-index-vni/complete-white-paper-c11-481360.html}}
}

@misc{skype-2-billion-minutes,
title = {{Skype Users Hit 2 Billion Minutes A Day Milestone}},
howpublished={\url{http://www.silicon.co.uk/workspace/skype-users-2-billion-minutes-112054}}
}

@misc{workshop-fhmn,
title = {{The ACM SIGCOMM 2013 Workshop on Future Human-Centric Multimedia Networking (FhMN 2013)}},
howpublished={\url{http://conferences.sigcomm.org/sigcomm/2013/fhmn.php}}
}

@misc{workshop-wmust,
title = {{The ACM SIGCOMM 2012 Workshop on Measurements Up and Down the Stack (W-MUST 2012)}},
howpublished={\url{http://conferences.sigcomm.org/sigcomm/2012/wmust.php}}
}

@misc{workshop-qoe,
title = {{ACM SIGCOMM Workshop on QoE-based Analysis and Management of Data Communication Networks (Internet-QoE 2016)}},
howpublished={\url{http://conferences.sigcomm.org/sigcomm/2016/qoe.php}}
}

@misc{artizanetworks,
  title = {Artiza Networks},
  howpublished = "{\url{http://www.artizanetworks.com/}}"
}

@inproceedings{demers1989analysis,
  title={Analysis and simulation of a fair queueing algorithm},
  author={Demers, Alan and Keshav, Srinivasan and Shenker, Scott},
  booktitle={ACM SIGCOMM Computer Communication Review},
  volume={19},
  number={4},
  pages={1--12},
  year={1989},
  organization={ACM}
}

@inproceedings{active-network,
  title={Towards an active network architecture},
  author={Tennenhouse, David L and Wetherall, David J},
  booktitle={DARPA Active Networks Conference and Exposition, 2002. Proceedings},
  pages={2--15},
  year={2002},
  organization={IEEE}
}

@inproceedings{holland2001rate,
  title={A rate-adaptive MAC protocol for multi-hop wireless networks},
  author={Holland, Gavin and Vaidya, Nitin and Bahl, Paramvir},
  booktitle={Proceedings of the 7th annual international conference on Mobile computing and networking},
  pages={236--251},
  year={2001},
  organization={ACM}
}

@inproceedings{zaharia2013discretized,
  title={Discretized streams: Fault-tolerant streaming computation at scale},
  author={Zaharia, Matei and Das, Tathagata and Li, Haoyuan and Hunter, Timothy and Shenker, Scott and Stoica, Ion},
  booktitle={Proceedings of the Twenty-Fourth ACM Symposium on Operating Systems Principles},
  pages={423--438},
  year={2013},
  organization={ACM}
}

@inproceedings{pytheas,
  title={Pytheas: Enabling Data-Driven Quality of Experience Optimization Using Group-Based Exploration-Exploitation},
  author={Jiang, Junchen and Sun, Shijie and Sekar, Vyas and Zhang, Hui},
  year={2017},
  organization={NSDI}
}

@inproceedings{sdndash,
  title={SDNDASH: Improving QoE of HTTP Adaptive Streaming Using Software Defined Networking},
  author={Bentaleb, Abdelhak and Begen, Ali C and Zimmermann, Roger},
  booktitle={Proceedings of the 2016 ACM on Multimedia Conference},
  pages={1296--1305},
  year={2016},
  organization={ACM}
}

@inproceedings{calvinlin-cache,
  title={Back to the future: leveraging Belady's algorithm for improved cache replacement},
  author={Jain, Akanksha and Lin, Calvin},
  booktitle={Computer Architecture (ISCA), 2016 ACM/IEEE 43rd Annual International Symposium on},
  pages={78--89},
  year={2016},
  organization={IEEE}
}

@inproceedings{aaron-cidr,
  title={Adaptive Concurrency Control: Despite the Looking Glass, One Concurrency Control Does Not Fit All},
  author={Tang, Dixin and Jiang, Hao and Elmore, Aaron J.},
  booktitle={The biennial Conference on Innovative Data Systems Research (CIDR)},
  year={2017}
}

@inproceedings{andypavlo-rbsm,
  title={Automatic Database Management System Tuning Through Large-scale Machine Learning},
  author={Van Aken, Dana and Pavlo, Andrew and Gordon, Geoffrey J and Zhang, Bohan},
  booktitle={Proceedings of the 2017 ACM International Conference on Management of Data},
  pages={1009--1024},
  year={2017},
  organization={ACM}
}

@inproceedings{rcp,
  title={Making large scale deployment of RCP practical for real networks},
  author={Tai, C-H and Zhu, Jiang and Dukkipati, Nandita},
  booktitle={INFOCOM 2008. The 27th Conference on Computer Communications. IEEE},
  pages={2180--2188},
  year={2008},
  organization={IEEE}
}

@inproceedings{avq,
  title={Analysis and design of an adaptive virtual queue (AVQ) algorithm for active queue management},
  author={Kunniyur, Srisankar and Srikant, Rayadurgam},
  booktitle={ACM SIGCOMM Computer Communication Review},
  volume={31},
  number={4},
  pages={123--134},
  year={2001},
  organization={ACM}
}

@inproceedings{neural-streaming,
  title={Neural Adaptive Video Streaming with Pensieve},
  author={Mao, Hongzi and Netravali, Ravi and Alizadeh, Mohammad},
  booktitle={ACM SIGCOMM},
  year={2017},
  organization={ACM}
}

@inproceedings{butkiewicz2015klotski,
  title={Klotski: Reprioritizing Web Content to Improve User Experience on Mobile Devices.},
  author={Butkiewicz, Michael and Wang, Daimeng and Wu, Zhe and Madhyastha, Harsha V and Sekar, Vyas},
  booktitle={NSDI},
  pages={439--453},
  year={2015}
}

@inproceedings{cherrypick,
  title={CherryPick: Adaptively Unearthing the Best Cloud Configurations for Big Data Analytics.},
  author={Alipourfard, Omid and Liu, Hongqiang Harry and Chen, Jianshu and Venkataraman, Shivaram and Yu, Minlan and Zhang, Ming},
  booktitle={NSDI},
  pages={469--482},
  year={2017}
}

@inproceedings{tariq2008answering,
  title={Answering what-if deployment and configuration questions with wise},
  author={Tariq, Mukarram and Zeitoun, Amgad and Valancius, Vytautas and Feamster, Nick and Ammar, Mostafa},
  booktitle={ACM SIGCOMM Computer Communication Review},
  volume={38},
  number={4},
  pages={99--110},
  year={2008},
  organization={ACM}
}

@inproceedings{sun2014using,
  title={Using Video-Based Measurements to Generate a Real-Time Network Traffic Map},
  author={Sun, Yi and Jiang, Junchen and Sekar, Vyas and Zhang, Hui and Lin, Fuyuan and Wang, Nanshu},
  booktitle={Proceedings of the 13th ACM Workshop on Hot Topics in Networks},
  pages={10},
  year={2014},
  organization={ACM}
}

@inproceedings{zhang2017live,
  title={Live Video Analytics at Scale with Approximation and Delay-Tolerance.},
  author={Zhang, Haoyu and Ananthanarayanan, Ganesh and Bodik, Peter and Philipose, Matthai and Bahl, Paramvir and Freedman, Michael J},
  booktitle={NSDI},
  pages={377--392},
  year={2017}
}

@inproceedings{infonomics,
  title={Infonomics: The economics of information and principles of information asset management},
  author={Laney, Doug},
  booktitle={The Fifth MIT Information Quality Industry Symposium. Cambridge},
  pages={590--603},
  year={2011}
}

@inproceedings{graphx,
  title={GraphX: Graph Processing in a Distributed Dataflow Framework.},
  author={Gonzalez, Joseph E and Xin, Reynold S and Dave, Ankur and Crankshaw, Daniel and Franklin, Michael J and Stoica, Ion},
  booktitle={OSDI},
  volume={14},
  pages={599--613},
  year={2014}
}

@inproceedings{bayesian-optimization,
  title={BOA: The Bayesian optimization algorithm},
  author={Pelikan, Martin and Goldberg, David E and Cant{\'u}-Paz, Erick},
  booktitle={Proceedings of the 1st Annual Conference on Genetic and Evolutionary Computation-Volume 1},
  pages={525--532},
  year={1999},
  organization={Morgan Kaufmann Publishers Inc.}
}

@inproceedings{sivaraman2016programmable,
  title={Programmable Packet Scheduling at Line Rate},
  author={Sivaraman, Anirudh and Subramanian, Suvinay and Alizadeh, Mohammad and Chole, Sharad and Chuang, Shang-Tse and Agrawal, Anurag and Balakrishnan, Hari and Edsall, Tom and Katti, Sachin and McKeown, Nick},
  booktitle={Proceedings of the 2016 conference on ACM SIGCOMM 2016 Conference},
  pages={44--57},
  year={2016},
  organization={ACM}
}

@inproceedings{sivaraman2016packet,
  title={Packet transactions: High-level programming for line-rate switches},
  author={Sivaraman, Anirudh and Cheung, Alvin and Budiu, Mihai and Kim, Changhoon and Alizadeh, Mohammad and Balakrishnan, Hari and Varghese, George and McKeown, Nick and Licking, Steve},
  booktitle={Proceedings of the 2016 conference on ACM SIGCOMM 2016 Conference},
  pages={15--28},
  year={2016},
  organization={ACM}
}

@inproceedings{sprout,
  title={Stochastic Forecasts Achieve High Throughput and Low Delay over Cellular Networks.},
  author={Winstein, Keith and Sivaraman, Anirudh and Balakrishnan, Hari and others},
  booktitle={NSDI},
  pages={459--471},
  year={2013}
}

@inproceedings{diversifi,
  title={Diversifi: Robust multi-link interactive streaming},
  author={Kateja, Rajat and Baranasuriya, Nimantha and Navda, Vishnu and Padmanabhan, Venkata N},
  booktitle={Proceedings of the 11th ACM Conference on Emerging Networking Experiments and Technologies},
  pages={35},
  year={2015},
  organization={ACM}
}

@inproceedings{de2008skype,
  title={Skype video responsiveness to bandwidth variations},
  author={De Cicco, Luca and Mascolo, Saverio and Palmisano, Vittorio},
  booktitle={Proceedings of the 18th International Workshop on Network and Operating Systems Support for Digital Audio and Video},
  pages={81--86},
  year={2008},
  organization={ACM}
}

@inproceedings{alizadeh2010data,
  title={Data center tcp (dctcp)},
  author={Alizadeh, Mohammad and Greenberg, Albert and Maltz, David A and Padhye, Jitendra and Patel, Parveen and Prabhakar, Balaji and Sengupta, Sudipta and Sridharan, Murari},
  booktitle={ACM SIGCOMM computer communication review},
  volume={40},
  number={4},
  pages={63--74},
  year={2010},
  organization={ACM}
}

@inproceedings{chen2015end,
  title={End-user mapping: Next generation request routing for content delivery},
  author={Chen, Fangfei and Sitaraman, Ramesh K and Torres, Marcelo},
  booktitle={ACM SIGCOMM Computer Communication Review},
  volume={45},
  number={4},
  pages={167--181},
  year={2015},
  organization={ACM}
}

@inproceedings{lin2015kemy,
  title={Kemy: An AQM generator based on machine learning},
  author={Lin, XinAn and Zhang, Dong},
  booktitle={Communications and Networking in China (ChinaCom), 2015 10th International Conference on},
  pages={556--561},
  year={2015},
  organization={IEEE}
}

@article{esm,
  title={A case for end system multicast},
  author={Chu, Yang-hua and Rao, Sanjay G and Seshan, Srinivasan and Zhang, Hui},
  journal={IEEE Journal on selected areas in communications},
  volume={20},
  number={8},
  pages={1456--1471},
  year={2002},
  publisher={IEEE}
}

@article{rsvp,
  title={Resource reservation protocol (RSVP)--Version 1 functional specification},
  author={Zhang, Lixia and Berson, Steve and Herzog, Shai and Jamin, Sugih},
  journal={Resource},
  year={1997}
}

@article{mbone,
  title={Mbone: The multicast backbone},
  author={Eriksson, Hans},
  journal={Communications of the ACM},
  volume={37},
  number={8},
  pages={54--61},
  year={1994},
  publisher={Association for Computing Machinery, Inc.}
}

@article{nox,
  title={NOX: towards an operating system for networks},
  author={Gude, Natasha and Koponen, Teemu and Pettit, Justin and Pfaff, Ben and Casado, Mart{\'\i}n and McKeown, Nick and Shenker, Scott},
  journal={ACM SIGCOMM Computer Communication Review},
  volume={38},
  number={3},
  pages={105--110},
  year={2008},
  publisher={ACM}
}

@article{vcp,
  title={One more bit is enough},
  author={Xia, Yong and Subramanian, Lakshminarayanan and Stoica, Ion and Kalyanaraman, Shivkumar},
  journal={ACM SIGCOMM Computer Communication Review},
  volume={35},
  number={4},
  pages={37--48},
  year={2005},
  publisher={ACM}
}

@article{ecn,
  title={TCP and explicit congestion notification},
  author={Floyd, Sally},
  journal={ACM SIGCOMM Computer Communication Review},
  volume={24},
  number={5},
  pages={8--23},
  year={1994},
  publisher={ACM}
}

@article{xcp,
  title={Congestion control for high bandwidth-delay product networks},
  author={Katabi, Dina and Handley, Mark and Rohrs, Charlie},
  journal={ACM SIGCOMM computer communication review},
  volume={32},
  number={4},
  pages={89--102},
  year={2002},
  publisher={ACM}
}

@article{panda,
  title={Probe and adapt: Rate adaptation for HTTP video streaming at scale},
  author={Li, Zhi and Zhu, Xiaoqing and Gahm, Joshua and Pan, Rong and Hu, Hao and Begen, Ali C and Oran, David},
  journal={IEEE Journal on Selected Areas in Communications},
  volume={32},
  number={4},
  pages={719--733},
  year={2014},
  publisher={IEEE}
}

@article{baset2004analysis,
  title={An analysis of the skype peer-to-peer internet telephony protocol},
  author={Baset, Salman A and Schulzrinne, Henning},
  journal={arXiv preprint cs/0412017},
  year={2004}
}

@article{cubic,
  title={CUBIC: a new TCP-friendly high-speed TCP variant},
  author={Ha, Sangtae and Rhee, Injong and Xu, Lisong},
  journal={ACM SIGOPS Operating Systems Review},
  volume={42},
  number={5},
  pages={64--74},
  year={2008},
  publisher={ACM}
}

@article{tcp-compound,
  title={Compound TCP: A scalable and TCP-friendly congestion control for high-speed networks},
  author={Song, Kun Tan Jingmin and Zhang, Q and Sridharan, M},
  journal={Proceedings of PFLDnet 2006},
  year={2006}
}

@article{tcp-hybla,
  title={TCP Hybla: a TCP enhancement for heterogeneous networks},
  author={Caini, Carlo and Firrincieli, Rosario},
  journal={International journal of satellite communications and networking},
  volume={22},
  number={5},
  pages={547--566},
  year={2004},
  publisher={Wiley Online Library}
}

@article{sharma2017machine,
  title={A Machine Learning-Based Protocol for Efficient Routing in Opportunistic Networks},
  author={Sharma, Deepak K and Dhurandher, Sanjay K and Woungang, Isaac and Srivastava, Rohit K and Mohananey, Anhad and Rodrigues, Joel JPC},
  journal={IEEE Systems Journal},
  year={2017},
  publisher={IEEE}
}

@article{alsheikh2014machine,
  title={Machine learning in wireless sensor networks: Algorithms, strategies, and applications},
  author={Alsheikh, Mohammad Abu and Lin, Shaowei and Niyato, Dusit and Tan, Hwee-Pink},
  journal={IEEE Communications Surveys \& Tutorials},
  volume={16},
  number={4},
  pages={1996--2018},
  year={2014},
  publisher={IEEE}
}

@article{shah2016sam,
  title={SAM: Support Vector Machine Based Active Queue Management},
  author={Shah, Muhammad Saleh and Wagan, Asim Imdad and Unar, Mukhtiar Ali},
  journal={arXiv preprint arXiv:1604.00557},
  year={2016}
}

@book{csfq,
  title={Core-stateless fair queueing: Achieving approximately fair bandwidth allocations in high speed networks},
  author={Stoica, Ion and Shenker, Scott and Zhang, Hui},
  volume={28},
  number={4},
  year={1998},
  publisher={ACM}
}

@book{brakmo1994tcp,
  title={TCP Vegas: New techniques for congestion detection and avoidance},
  author={Brakmo, Lawrence S and O'Malley, Sean W and Peterson, Larry L},
  volume={24},
  number={4},
  year={1994},
  publisher={ACM}
}

@article{red,
  title={Random early detection gateways for congestion avoidance},
  author={Floyd, Sally and Jacobson, Van},
  journal={IEEE/ACM Transactions on Networking (ToN)},
  volume={1},
  number={4},
  pages={397--413},
  year={1993},
  publisher={IEEE Press}
}

@article{codel,
  title={Controlling queue delay},
  author={Nichols, Kathleen and Jacobson, Van},
  journal={Communications of the ACM},
  volume={55},
  number={7},
  pages={42--50},
  year={2012},
  publisher={ACM}
}

@article{floodlightopenflow,
  title={OpenFlow Controller},
  author={Floodlight, SDN},
  journal={Web: https://github. com/floodlight/floodlight}
}

@article{seufert2015survey,
  title={A survey on quality of experience of HTTP adaptive streaming},
  author={Seufert, Michael and Egger, Sebastian and Slanina, Martin and Zinner, Thomas and Hobfeld, Tobias and Tran-Gia, Phuoc},
  journal={IEEE Communications Surveys \& Tutorials},
  volume={17},
  number={1},
  pages={469--492},
  year={2015},
  publisher={IEEE}
}

@techreport{intserv,
  title={Integrated services in the internet architecture: an overview},
  author={Braden, Robert and Clark, David and Shenker, Scott},
  year={1994}
}

@techreport{diffserv,
  title={An architecture for differentiated services},
  author={Blake, Steven and Black, David and Carlson, Mark and Davies, Elwyn and Wang, Zheng and Weiss, Walter},
  year={1998}
}

@techreport{mpls,
  title={Multiprotocol label switching architecture},
  author={Rosen, Eric and Viswanathan, Arun and Callon, Ross},
  year={2000}
}

@book{keshav2012mathematical,
  title={Mathematical foundations of computer networking},
  author={Keshav, Srinivasan},
  year={2012},
  publisher={Addison-Wesley}
}
